%YAML 1.1
%TAG !u! tag:unity3d.com,2011:
--- !u!1 &2330561961055692100
GameObject:
  m_ObjectHideFlags: 0
  m_CorrespondingSourceObject: {fileID: 0}
  m_PrefabInstance: {fileID: 0}
  m_PrefabAsset: {fileID: 0}
  serializedVersion: 6
  m_Component:
  - component: {fileID: 8872934936896962409}
  m_Layer: 0
  m_Name: Floors
  m_TagString: Untagged
  m_Icon: {fileID: 0}
  m_NavMeshLayer: 0
  m_StaticEditorFlags: 0
  m_IsActive: 1
--- !u!4 &8872934936896962409
Transform:
  m_ObjectHideFlags: 0
  m_CorrespondingSourceObject: {fileID: 0}
  m_PrefabInstance: {fileID: 0}
  m_PrefabAsset: {fileID: 0}
  m_GameObject: {fileID: 2330561961055692100}
  m_LocalRotation: {x: 0, y: 0, z: 0, w: 1}
  m_LocalPosition: {x: 0, y: 0, z: 0}
  m_LocalScale: {x: 1, y: 1, z: 1}
  m_Children:
  - {fileID: 1435978699449593577}
  - {fileID: 4757185872085500697}
  - {fileID: 572595588893314409}
  - {fileID: 791322799699582038}
  - {fileID: 3688818995885127904}
  - {fileID: 2222298533077831586}
  - {fileID: 993793108629947663}
  - {fileID: 8059812110380225040}
  - {fileID: 6338049375536756640}
  - {fileID: 5708064645271187414}
  - {fileID: 8165525100828504210}
  - {fileID: 7272931888232096495}
  m_Father: {fileID: 3812034667091363722}
  m_RootOrder: 0
  m_LocalEulerAnglesHint: {x: 0, y: 0, z: 0}
--- !u!1 &4320653940641940268
GameObject:
  m_ObjectHideFlags: 0
  m_CorrespondingSourceObject: {fileID: 0}
  m_PrefabInstance: {fileID: 0}
  m_PrefabAsset: {fileID: 0}
  serializedVersion: 6
  m_Component:
  - component: {fileID: 3812034667091363722}
  m_Layer: 0
  m_Name: Hallway6x2
  m_TagString: Untagged
  m_Icon: {fileID: 0}
  m_NavMeshLayer: 0
  m_StaticEditorFlags: 0
  m_IsActive: 1
--- !u!4 &3812034667091363722
Transform:
  m_ObjectHideFlags: 0
  m_CorrespondingSourceObject: {fileID: 0}
  m_PrefabInstance: {fileID: 0}
  m_PrefabAsset: {fileID: 0}
  m_GameObject: {fileID: 4320653940641940268}
  m_LocalRotation: {x: 0, y: 0, z: 0, w: 1}
  m_LocalPosition: {x: -29.28, y: 0, z: 22.02}
  m_LocalScale: {x: 1, y: 1, z: 1}
  m_Children:
  - {fileID: 8872934936896962409}
  - {fileID: 7534864484273226527}
  - {fileID: 523775267621827032}
  m_Father: {fileID: 0}
  m_RootOrder: 0
  m_LocalEulerAnglesHint: {x: 0, y: 0, z: 0}
--- !u!1 &5621795333111433961
GameObject:
  m_ObjectHideFlags: 0
  m_CorrespondingSourceObject: {fileID: 0}
  m_PrefabInstance: {fileID: 0}
  m_PrefabAsset: {fileID: 0}
  serializedVersion: 6
  m_Component:
  - component: {fileID: 523775267621827032}
  m_Layer: 0
  m_Name: Corners
  m_TagString: Untagged
  m_Icon: {fileID: 0}
  m_NavMeshLayer: 0
  m_StaticEditorFlags: 0
  m_IsActive: 1
--- !u!4 &523775267621827032
Transform:
  m_ObjectHideFlags: 0
  m_CorrespondingSourceObject: {fileID: 0}
  m_PrefabInstance: {fileID: 0}
  m_PrefabAsset: {fileID: 0}
  m_GameObject: {fileID: 5621795333111433961}
  m_LocalRotation: {x: -0, y: -0, z: -0, w: 1}
  m_LocalPosition: {x: 0, y: 0, z: 0}
  m_LocalScale: {x: 1, y: 1, z: 1}
  m_Children: []
  m_Father: {fileID: 3812034667091363722}
  m_RootOrder: 2
  m_LocalEulerAnglesHint: {x: 0, y: 0, z: 0}
--- !u!1 &7647800380027670760
GameObject:
  m_ObjectHideFlags: 0
  m_CorrespondingSourceObject: {fileID: 0}
  m_PrefabInstance: {fileID: 0}
  m_PrefabAsset: {fileID: 0}
  serializedVersion: 6
  m_Component:
  - component: {fileID: 7534864484273226527}
  m_Layer: 0
  m_Name: Walls
  m_TagString: Untagged
  m_Icon: {fileID: 0}
  m_NavMeshLayer: 0
  m_StaticEditorFlags: 0
  m_IsActive: 1
--- !u!4 &7534864484273226527
Transform:
  m_ObjectHideFlags: 0
  m_CorrespondingSourceObject: {fileID: 0}
  m_PrefabInstance: {fileID: 0}
  m_PrefabAsset: {fileID: 0}
  m_GameObject: {fileID: 7647800380027670760}
  m_LocalRotation: {x: -0, y: -0, z: -0, w: 1}
  m_LocalPosition: {x: 0, y: 0, z: 0}
  m_LocalScale: {x: 1, y: 1, z: 1}
  m_Children:
  - {fileID: 6485398977709213579}
  - {fileID: 1980827771478505020}
  - {fileID: 8526868828029438695}
  - {fileID: 5627418476719352543}
  - {fileID: 8931030551663214176}
  - {fileID: 8529511793895185267}
  - {fileID: 6637062737740936068}
  - {fileID: 1768507714555560184}
  - {fileID: 6247132986522369895}
  - {fileID: 6061805561998800141}
  - {fileID: 6536396126529271599}
  - {fileID: 5894167790188114485}
  m_Father: {fileID: 3812034667091363722}
  m_RootOrder: 1
  m_LocalEulerAnglesHint: {x: 0, y: 0, z: 0}
--- !u!1001 &575385988753413721
PrefabInstance:
  m_ObjectHideFlags: 0
  serializedVersion: 2
  m_Modification:
    m_TransformParent: {fileID: 8872934936896962409}
    m_Modifications:
    - target: {fileID: 1525326058169648, guid: 14eab3179517a954c87faf31cd4331f8, type: 3}
      propertyPath: m_Name
      value: SM_Bld_Floor_07 (5)
      objectReference: {fileID: 0}
    - target: {fileID: 4057359497517872, guid: 14eab3179517a954c87faf31cd4331f8, type: 3}
      propertyPath: m_RootOrder
      value: 2
      objectReference: {fileID: 0}
    - target: {fileID: 4057359497517872, guid: 14eab3179517a954c87faf31cd4331f8, type: 3}
      propertyPath: m_LocalPosition.x
      value: 10
      objectReference: {fileID: 0}
    - target: {fileID: 4057359497517872, guid: 14eab3179517a954c87faf31cd4331f8, type: 3}
      propertyPath: m_LocalPosition.y
      value: 0
      objectReference: {fileID: 0}
    - target: {fileID: 4057359497517872, guid: 14eab3179517a954c87faf31cd4331f8, type: 3}
      propertyPath: m_LocalPosition.z
      value: 5
      objectReference: {fileID: 0}
    - target: {fileID: 4057359497517872, guid: 14eab3179517a954c87faf31cd4331f8, type: 3}
      propertyPath: m_LocalRotation.w
      value: 1
      objectReference: {fileID: 0}
    - target: {fileID: 4057359497517872, guid: 14eab3179517a954c87faf31cd4331f8, type: 3}
      propertyPath: m_LocalRotation.x
      value: -0
      objectReference: {fileID: 0}
    - target: {fileID: 4057359497517872, guid: 14eab3179517a954c87faf31cd4331f8, type: 3}
      propertyPath: m_LocalRotation.y
      value: -0
      objectReference: {fileID: 0}
    - target: {fileID: 4057359497517872, guid: 14eab3179517a954c87faf31cd4331f8, type: 3}
      propertyPath: m_LocalRotation.z
      value: -0
      objectReference: {fileID: 0}
    - target: {fileID: 4057359497517872, guid: 14eab3179517a954c87faf31cd4331f8, type: 3}
      propertyPath: m_LocalEulerAnglesHint.x
      value: 0
      objectReference: {fileID: 0}
    - target: {fileID: 4057359497517872, guid: 14eab3179517a954c87faf31cd4331f8, type: 3}
      propertyPath: m_LocalEulerAnglesHint.y
      value: 0
      objectReference: {fileID: 0}
    - target: {fileID: 4057359497517872, guid: 14eab3179517a954c87faf31cd4331f8, type: 3}
      propertyPath: m_LocalEulerAnglesHint.z
      value: 0
      objectReference: {fileID: 0}
    m_RemovedComponents: []
  m_SourcePrefab: {fileID: 100100000, guid: 14eab3179517a954c87faf31cd4331f8, type: 3}
--- !u!4 &572595588893314409 stripped
Transform:
  m_CorrespondingSourceObject: {fileID: 4057359497517872, guid: 14eab3179517a954c87faf31cd4331f8, type: 3}
  m_PrefabInstance: {fileID: 575385988753413721}
  m_PrefabAsset: {fileID: 0}
--- !u!1001 &789605210242778982
PrefabInstance:
  m_ObjectHideFlags: 0
  serializedVersion: 2
  m_Modification:
    m_TransformParent: {fileID: 8872934936896962409}
    m_Modifications:
    - target: {fileID: 1525326058169648, guid: 14eab3179517a954c87faf31cd4331f8, type: 3}
      propertyPath: m_Name
      value: SM_Bld_Floor_07 (11)
      objectReference: {fileID: 0}
    - target: {fileID: 4057359497517872, guid: 14eab3179517a954c87faf31cd4331f8, type: 3}
      propertyPath: m_RootOrder
      value: 3
      objectReference: {fileID: 0}
    - target: {fileID: 4057359497517872, guid: 14eab3179517a954c87faf31cd4331f8, type: 3}
      propertyPath: m_LocalPosition.x
      value: 15
      objectReference: {fileID: 0}
    - target: {fileID: 4057359497517872, guid: 14eab3179517a954c87faf31cd4331f8, type: 3}
      propertyPath: m_LocalPosition.y
      value: 0
      objectReference: {fileID: 0}
    - target: {fileID: 4057359497517872, guid: 14eab3179517a954c87faf31cd4331f8, type: 3}
      propertyPath: m_LocalPosition.z
      value: 5.0000057
      objectReference: {fileID: 0}
    - target: {fileID: 4057359497517872, guid: 14eab3179517a954c87faf31cd4331f8, type: 3}
      propertyPath: m_LocalRotation.w
      value: 1
      objectReference: {fileID: 0}
    - target: {fileID: 4057359497517872, guid: 14eab3179517a954c87faf31cd4331f8, type: 3}
      propertyPath: m_LocalRotation.x
      value: -0
      objectReference: {fileID: 0}
    - target: {fileID: 4057359497517872, guid: 14eab3179517a954c87faf31cd4331f8, type: 3}
      propertyPath: m_LocalRotation.y
      value: -0
      objectReference: {fileID: 0}
    - target: {fileID: 4057359497517872, guid: 14eab3179517a954c87faf31cd4331f8, type: 3}
      propertyPath: m_LocalRotation.z
      value: -0
      objectReference: {fileID: 0}
    - target: {fileID: 4057359497517872, guid: 14eab3179517a954c87faf31cd4331f8, type: 3}
      propertyPath: m_LocalEulerAnglesHint.x
      value: 0
      objectReference: {fileID: 0}
    - target: {fileID: 4057359497517872, guid: 14eab3179517a954c87faf31cd4331f8, type: 3}
      propertyPath: m_LocalEulerAnglesHint.y
      value: 0
      objectReference: {fileID: 0}
    - target: {fileID: 4057359497517872, guid: 14eab3179517a954c87faf31cd4331f8, type: 3}
      propertyPath: m_LocalEulerAnglesHint.z
      value: 0
      objectReference: {fileID: 0}
    m_RemovedComponents: []
  m_SourcePrefab: {fileID: 100100000, guid: 14eab3179517a954c87faf31cd4331f8, type: 3}
--- !u!4 &791322799699582038 stripped
Transform:
  m_CorrespondingSourceObject: {fileID: 4057359497517872, guid: 14eab3179517a954c87faf31cd4331f8, type: 3}
  m_PrefabInstance: {fileID: 789605210242778982}
  m_PrefabAsset: {fileID: 0}
--- !u!1001 &992132998936518207
PrefabInstance:
  m_ObjectHideFlags: 0
  serializedVersion: 2
  m_Modification:
    m_TransformParent: {fileID: 8872934936896962409}
    m_Modifications:
    - target: {fileID: 1525326058169648, guid: 14eab3179517a954c87faf31cd4331f8, type: 3}
      propertyPath: m_Name
      value: SM_Bld_Floor_07 (6)
      objectReference: {fileID: 0}
    - target: {fileID: 4057359497517872, guid: 14eab3179517a954c87faf31cd4331f8, type: 3}
      propertyPath: m_RootOrder
      value: 6
      objectReference: {fileID: 0}
    - target: {fileID: 4057359497517872, guid: 14eab3179517a954c87faf31cd4331f8, type: 3}
      propertyPath: m_LocalPosition.x
      value: 10
      objectReference: {fileID: 0}
    - target: {fileID: 4057359497517872, guid: 14eab3179517a954c87faf31cd4331f8, type: 3}
      propertyPath: m_LocalPosition.y
      value: 0
      objectReference: {fileID: 0}
    - target: {fileID: 4057359497517872, guid: 14eab3179517a954c87faf31cd4331f8, type: 3}
      propertyPath: m_LocalPosition.z
      value: 9.999996
      objectReference: {fileID: 0}
    - target: {fileID: 4057359497517872, guid: 14eab3179517a954c87faf31cd4331f8, type: 3}
      propertyPath: m_LocalRotation.w
      value: 1
      objectReference: {fileID: 0}
    - target: {fileID: 4057359497517872, guid: 14eab3179517a954c87faf31cd4331f8, type: 3}
      propertyPath: m_LocalRotation.x
      value: -0
      objectReference: {fileID: 0}
    - target: {fileID: 4057359497517872, guid: 14eab3179517a954c87faf31cd4331f8, type: 3}
      propertyPath: m_LocalRotation.y
      value: -0
      objectReference: {fileID: 0}
    - target: {fileID: 4057359497517872, guid: 14eab3179517a954c87faf31cd4331f8, type: 3}
      propertyPath: m_LocalRotation.z
      value: -0
      objectReference: {fileID: 0}
    - target: {fileID: 4057359497517872, guid: 14eab3179517a954c87faf31cd4331f8, type: 3}
      propertyPath: m_LocalEulerAnglesHint.x
      value: 0
      objectReference: {fileID: 0}
    - target: {fileID: 4057359497517872, guid: 14eab3179517a954c87faf31cd4331f8, type: 3}
      propertyPath: m_LocalEulerAnglesHint.y
      value: 0
      objectReference: {fileID: 0}
    - target: {fileID: 4057359497517872, guid: 14eab3179517a954c87faf31cd4331f8, type: 3}
      propertyPath: m_LocalEulerAnglesHint.z
      value: 0
      objectReference: {fileID: 0}
    m_RemovedComponents: []
  m_SourcePrefab: {fileID: 100100000, guid: 14eab3179517a954c87faf31cd4331f8, type: 3}
--- !u!4 &993793108629947663 stripped
Transform:
  m_CorrespondingSourceObject: {fileID: 4057359497517872, guid: 14eab3179517a954c87faf31cd4331f8, type: 3}
  m_PrefabInstance: {fileID: 992132998936518207}
  m_PrefabAsset: {fileID: 0}
--- !u!1001 &1433258629626803673
PrefabInstance:
  m_ObjectHideFlags: 0
  serializedVersion: 2
  m_Modification:
    m_TransformParent: {fileID: 8872934936896962409}
    m_Modifications:
    - target: {fileID: 1525326058169648, guid: 14eab3179517a954c87faf31cd4331f8, type: 3}
      propertyPath: m_Name
      value: SM_Bld_Floor_07 (3)
      objectReference: {fileID: 0}
    - target: {fileID: 4057359497517872, guid: 14eab3179517a954c87faf31cd4331f8, type: 3}
      propertyPath: m_RootOrder
      value: 0
      objectReference: {fileID: 0}
    - target: {fileID: 4057359497517872, guid: 14eab3179517a954c87faf31cd4331f8, type: 3}
      propertyPath: m_LocalPosition.x
      value: 10
      objectReference: {fileID: 0}
    - target: {fileID: 4057359497517872, guid: 14eab3179517a954c87faf31cd4331f8, type: 3}
      propertyPath: m_LocalPosition.y
      value: 0
      objectReference: {fileID: 0}
    - target: {fileID: 4057359497517872, guid: 14eab3179517a954c87faf31cd4331f8, type: 3}
      propertyPath: m_LocalPosition.z
      value: -5
      objectReference: {fileID: 0}
    - target: {fileID: 4057359497517872, guid: 14eab3179517a954c87faf31cd4331f8, type: 3}
      propertyPath: m_LocalRotation.w
      value: 1
      objectReference: {fileID: 0}
    - target: {fileID: 4057359497517872, guid: 14eab3179517a954c87faf31cd4331f8, type: 3}
      propertyPath: m_LocalRotation.x
      value: -0
      objectReference: {fileID: 0}
    - target: {fileID: 4057359497517872, guid: 14eab3179517a954c87faf31cd4331f8, type: 3}
      propertyPath: m_LocalRotation.y
      value: -0
      objectReference: {fileID: 0}
    - target: {fileID: 4057359497517872, guid: 14eab3179517a954c87faf31cd4331f8, type: 3}
      propertyPath: m_LocalRotation.z
      value: -0
      objectReference: {fileID: 0}
    - target: {fileID: 4057359497517872, guid: 14eab3179517a954c87faf31cd4331f8, type: 3}
      propertyPath: m_LocalEulerAnglesHint.x
      value: 0
      objectReference: {fileID: 0}
    - target: {fileID: 4057359497517872, guid: 14eab3179517a954c87faf31cd4331f8, type: 3}
      propertyPath: m_LocalEulerAnglesHint.y
      value: 0
      objectReference: {fileID: 0}
    - target: {fileID: 4057359497517872, guid: 14eab3179517a954c87faf31cd4331f8, type: 3}
      propertyPath: m_LocalEulerAnglesHint.z
      value: 0
      objectReference: {fileID: 0}
    m_RemovedComponents: []
  m_SourcePrefab: {fileID: 100100000, guid: 14eab3179517a954c87faf31cd4331f8, type: 3}
--- !u!4 &1435978699449593577 stripped
Transform:
  m_CorrespondingSourceObject: {fileID: 4057359497517872, guid: 14eab3179517a954c87faf31cd4331f8, type: 3}
  m_PrefabInstance: {fileID: 1433258629626803673}
  m_PrefabAsset: {fileID: 0}
--- !u!1001 &1773240185807668738
PrefabInstance:
  m_ObjectHideFlags: 0
  serializedVersion: 2
  m_Modification:
    m_TransformParent: {fileID: 7534864484273226527}
    m_Modifications:
    - target: {fileID: 1089632392375526, guid: c422904f3f961e94aac7030a6343c157, type: 3}
      propertyPath: m_Name
      value: SM_Bld_Wall_01_Alt (10)
      objectReference: {fileID: 0}
    - target: {fileID: 4733297365927674, guid: c422904f3f961e94aac7030a6343c157, type: 3}
      propertyPath: m_RootOrder
      value: 7
      objectReference: {fileID: 0}
    - target: {fileID: 4733297365927674, guid: c422904f3f961e94aac7030a6343c157, type: 3}
      propertyPath: m_LocalPosition.x
      value: 5
      objectReference: {fileID: 0}
    - target: {fileID: 4733297365927674, guid: c422904f3f961e94aac7030a6343c157, type: 3}
      propertyPath: m_LocalPosition.y
      value: 0
      objectReference: {fileID: 0}
    - target: {fileID: 4733297365927674, guid: c422904f3f961e94aac7030a6343c157, type: 3}
      propertyPath: m_LocalPosition.z
      value: 9.999994
      objectReference: {fileID: 0}
    - target: {fileID: 4733297365927674, guid: c422904f3f961e94aac7030a6343c157, type: 3}
      propertyPath: m_LocalRotation.w
      value: 0.7071068
      objectReference: {fileID: 0}
    - target: {fileID: 4733297365927674, guid: c422904f3f961e94aac7030a6343c157, type: 3}
      propertyPath: m_LocalRotation.x
      value: -0
      objectReference: {fileID: 0}
    - target: {fileID: 4733297365927674, guid: c422904f3f961e94aac7030a6343c157, type: 3}
      propertyPath: m_LocalRotation.y
      value: 0.7071068
      objectReference: {fileID: 0}
    - target: {fileID: 4733297365927674, guid: c422904f3f961e94aac7030a6343c157, type: 3}
      propertyPath: m_LocalRotation.z
      value: -0
      objectReference: {fileID: 0}
    - target: {fileID: 4733297365927674, guid: c422904f3f961e94aac7030a6343c157, type: 3}
      propertyPath: m_LocalEulerAnglesHint.x
      value: 0
      objectReference: {fileID: 0}
    - target: {fileID: 4733297365927674, guid: c422904f3f961e94aac7030a6343c157, type: 3}
      propertyPath: m_LocalEulerAnglesHint.y
      value: 90
      objectReference: {fileID: 0}
    - target: {fileID: 4733297365927674, guid: c422904f3f961e94aac7030a6343c157, type: 3}
      propertyPath: m_LocalEulerAnglesHint.z
      value: 0
      objectReference: {fileID: 0}
    m_RemovedComponents: []
  m_SourcePrefab: {fileID: 100100000, guid: c422904f3f961e94aac7030a6343c157, type: 3}
--- !u!4 &1768507714555560184 stripped
Transform:
  m_CorrespondingSourceObject: {fileID: 4733297365927674, guid: c422904f3f961e94aac7030a6343c157, type: 3}
  m_PrefabInstance: {fileID: 1773240185807668738}
  m_PrefabAsset: {fileID: 0}
--- !u!1001 &1976377329251299526
PrefabInstance:
  m_ObjectHideFlags: 0
  serializedVersion: 2
  m_Modification:
    m_TransformParent: {fileID: 7534864484273226527}
    m_Modifications:
    - target: {fileID: 1089632392375526, guid: c422904f3f961e94aac7030a6343c157, type: 3}
      propertyPath: m_Name
      value: SM_Bld_Wall_01_Alt (4)
      objectReference: {fileID: 0}
    - target: {fileID: 4733297365927674, guid: c422904f3f961e94aac7030a6343c157, type: 3}
      propertyPath: m_RootOrder
      value: 1
      objectReference: {fileID: 0}
    - target: {fileID: 4733297365927674, guid: c422904f3f961e94aac7030a6343c157, type: 3}
      propertyPath: m_LocalPosition.x
      value: 15
      objectReference: {fileID: 0}
    - target: {fileID: 4733297365927674, guid: c422904f3f961e94aac7030a6343c157, type: 3}
      propertyPath: m_LocalPosition.y
      value: 0
      objectReference: {fileID: 0}
    - target: {fileID: 4733297365927674, guid: c422904f3f961e94aac7030a6343c157, type: 3}
      propertyPath: m_LocalPosition.z
      value: 5.0000057
      objectReference: {fileID: 0}
    - target: {fileID: 4733297365927674, guid: c422904f3f961e94aac7030a6343c157, type: 3}
      propertyPath: m_LocalRotation.w
      value: 0.7071068
      objectReference: {fileID: 0}
    - target: {fileID: 4733297365927674, guid: c422904f3f961e94aac7030a6343c157, type: 3}
      propertyPath: m_LocalRotation.x
      value: -0
      objectReference: {fileID: 0}
    - target: {fileID: 4733297365927674, guid: c422904f3f961e94aac7030a6343c157, type: 3}
      propertyPath: m_LocalRotation.y
      value: -0.7071068
      objectReference: {fileID: 0}
    - target: {fileID: 4733297365927674, guid: c422904f3f961e94aac7030a6343c157, type: 3}
      propertyPath: m_LocalRotation.z
      value: -0
      objectReference: {fileID: 0}
    - target: {fileID: 4733297365927674, guid: c422904f3f961e94aac7030a6343c157, type: 3}
      propertyPath: m_LocalEulerAnglesHint.x
      value: 0
      objectReference: {fileID: 0}
    - target: {fileID: 4733297365927674, guid: c422904f3f961e94aac7030a6343c157, type: 3}
      propertyPath: m_LocalEulerAnglesHint.y
      value: -90
      objectReference: {fileID: 0}
    - target: {fileID: 4733297365927674, guid: c422904f3f961e94aac7030a6343c157, type: 3}
      propertyPath: m_LocalEulerAnglesHint.z
      value: 0
      objectReference: {fileID: 0}
    m_RemovedComponents: []
  m_SourcePrefab: {fileID: 100100000, guid: c422904f3f961e94aac7030a6343c157, type: 3}
--- !u!4 &1980827771478505020 stripped
Transform:
  m_CorrespondingSourceObject: {fileID: 4733297365927674, guid: c422904f3f961e94aac7030a6343c157, type: 3}
  m_PrefabInstance: {fileID: 1976377329251299526}
  m_PrefabAsset: {fileID: 0}
--- !u!1001 &2222907501163746450
PrefabInstance:
  m_ObjectHideFlags: 0
  serializedVersion: 2
  m_Modification:
    m_TransformParent: {fileID: 8872934936896962409}
    m_Modifications:
    - target: {fileID: 1525326058169648, guid: 14eab3179517a954c87faf31cd4331f8, type: 3}
      propertyPath: m_Name
      value: SM_Bld_Floor_07 (13)
      objectReference: {fileID: 0}
    - target: {fileID: 4057359497517872, guid: 14eab3179517a954c87faf31cd4331f8, type: 3}
      propertyPath: m_RootOrder
      value: 5
      objectReference: {fileID: 0}
    - target: {fileID: 4057359497517872, guid: 14eab3179517a954c87faf31cd4331f8, type: 3}
      propertyPath: m_LocalPosition.x
      value: 15
      objectReference: {fileID: 0}
    - target: {fileID: 4057359497517872, guid: 14eab3179517a954c87faf31cd4331f8, type: 3}
      propertyPath: m_LocalPosition.y
      value: 0
      objectReference: {fileID: 0}
    - target: {fileID: 4057359497517872, guid: 14eab3179517a954c87faf31cd4331f8, type: 3}
      propertyPath: m_LocalPosition.z
      value: -4.9999943
      objectReference: {fileID: 0}
    - target: {fileID: 4057359497517872, guid: 14eab3179517a954c87faf31cd4331f8, type: 3}
      propertyPath: m_LocalRotation.w
      value: 1
      objectReference: {fileID: 0}
    - target: {fileID: 4057359497517872, guid: 14eab3179517a954c87faf31cd4331f8, type: 3}
      propertyPath: m_LocalRotation.x
      value: -0
      objectReference: {fileID: 0}
    - target: {fileID: 4057359497517872, guid: 14eab3179517a954c87faf31cd4331f8, type: 3}
      propertyPath: m_LocalRotation.y
      value: -0
      objectReference: {fileID: 0}
    - target: {fileID: 4057359497517872, guid: 14eab3179517a954c87faf31cd4331f8, type: 3}
      propertyPath: m_LocalRotation.z
      value: -0
      objectReference: {fileID: 0}
    - target: {fileID: 4057359497517872, guid: 14eab3179517a954c87faf31cd4331f8, type: 3}
      propertyPath: m_LocalEulerAnglesHint.x
      value: 0
      objectReference: {fileID: 0}
    - target: {fileID: 4057359497517872, guid: 14eab3179517a954c87faf31cd4331f8, type: 3}
      propertyPath: m_LocalEulerAnglesHint.y
      value: 0
      objectReference: {fileID: 0}
    - target: {fileID: 4057359497517872, guid: 14eab3179517a954c87faf31cd4331f8, type: 3}
      propertyPath: m_LocalEulerAnglesHint.z
      value: 0
      objectReference: {fileID: 0}
    m_RemovedComponents: []
  m_SourcePrefab: {fileID: 100100000, guid: 14eab3179517a954c87faf31cd4331f8, type: 3}
--- !u!4 &2222298533077831586 stripped
Transform:
  m_CorrespondingSourceObject: {fileID: 4057359497517872, guid: 14eab3179517a954c87faf31cd4331f8, type: 3}
  m_PrefabInstance: {fileID: 2222907501163746450}
  m_PrefabAsset: {fileID: 0}
--- !u!1001 &3692735574875136976
PrefabInstance:
  m_ObjectHideFlags: 0
  serializedVersion: 2
  m_Modification:
    m_TransformParent: {fileID: 8872934936896962409}
    m_Modifications:
    - target: {fileID: 1525326058169648, guid: 14eab3179517a954c87faf31cd4331f8, type: 3}
      propertyPath: m_Name
      value: SM_Bld_Floor_07 (12)
      objectReference: {fileID: 0}
    - target: {fileID: 4057359497517872, guid: 14eab3179517a954c87faf31cd4331f8, type: 3}
      propertyPath: m_RootOrder
      value: 4
      objectReference: {fileID: 0}
    - target: {fileID: 4057359497517872, guid: 14eab3179517a954c87faf31cd4331f8, type: 3}
      propertyPath: m_LocalPosition.x
      value: 15
      objectReference: {fileID: 0}
    - target: {fileID: 4057359497517872, guid: 14eab3179517a954c87faf31cd4331f8, type: 3}
      propertyPath: m_LocalPosition.y
      value: 0
      objectReference: {fileID: 0}
    - target: {fileID: 4057359497517872, guid: 14eab3179517a954c87faf31cd4331f8, type: 3}
      propertyPath: m_LocalPosition.z
      value: 0.000005722046
      objectReference: {fileID: 0}
    - target: {fileID: 4057359497517872, guid: 14eab3179517a954c87faf31cd4331f8, type: 3}
      propertyPath: m_LocalRotation.w
      value: 1
      objectReference: {fileID: 0}
    - target: {fileID: 4057359497517872, guid: 14eab3179517a954c87faf31cd4331f8, type: 3}
      propertyPath: m_LocalRotation.x
      value: -0
      objectReference: {fileID: 0}
    - target: {fileID: 4057359497517872, guid: 14eab3179517a954c87faf31cd4331f8, type: 3}
      propertyPath: m_LocalRotation.y
      value: -0
      objectReference: {fileID: 0}
    - target: {fileID: 4057359497517872, guid: 14eab3179517a954c87faf31cd4331f8, type: 3}
      propertyPath: m_LocalRotation.z
      value: -0
      objectReference: {fileID: 0}
    - target: {fileID: 4057359497517872, guid: 14eab3179517a954c87faf31cd4331f8, type: 3}
      propertyPath: m_LocalEulerAnglesHint.x
      value: 0
      objectReference: {fileID: 0}
    - target: {fileID: 4057359497517872, guid: 14eab3179517a954c87faf31cd4331f8, type: 3}
      propertyPath: m_LocalEulerAnglesHint.y
      value: 0
      objectReference: {fileID: 0}
    - target: {fileID: 4057359497517872, guid: 14eab3179517a954c87faf31cd4331f8, type: 3}
      propertyPath: m_LocalEulerAnglesHint.z
      value: 0
      objectReference: {fileID: 0}
    m_RemovedComponents: []
  m_SourcePrefab: {fileID: 100100000, guid: 14eab3179517a954c87faf31cd4331f8, type: 3}
--- !u!4 &3688818995885127904 stripped
Transform:
  m_CorrespondingSourceObject: {fileID: 4057359497517872, guid: 14eab3179517a954c87faf31cd4331f8, type: 3}
  m_PrefabInstance: {fileID: 3692735574875136976}
  m_PrefabAsset: {fileID: 0}
--- !u!1001 &4758758330338023465
PrefabInstance:
  m_ObjectHideFlags: 0
  serializedVersion: 2
  m_Modification:
    m_TransformParent: {fileID: 8872934936896962409}
    m_Modifications:
    - target: {fileID: 1525326058169648, guid: 14eab3179517a954c87faf31cd4331f8, type: 3}
      propertyPath: m_Name
      value: SM_Bld_Floor_07 (4)
      objectReference: {fileID: 0}
    - target: {fileID: 4057359497517872, guid: 14eab3179517a954c87faf31cd4331f8, type: 3}
      propertyPath: m_RootOrder
      value: 1
      objectReference: {fileID: 0}
    - target: {fileID: 4057359497517872, guid: 14eab3179517a954c87faf31cd4331f8, type: 3}
      propertyPath: m_LocalPosition.x
      value: 10
      objectReference: {fileID: 0}
    - target: {fileID: 4057359497517872, guid: 14eab3179517a954c87faf31cd4331f8, type: 3}
      propertyPath: m_LocalPosition.y
      value: 0
      objectReference: {fileID: 0}
    - target: {fileID: 4057359497517872, guid: 14eab3179517a954c87faf31cd4331f8, type: 3}
      propertyPath: m_LocalPosition.z
      value: 0
      objectReference: {fileID: 0}
    - target: {fileID: 4057359497517872, guid: 14eab3179517a954c87faf31cd4331f8, type: 3}
      propertyPath: m_LocalRotation.w
      value: 1
      objectReference: {fileID: 0}
    - target: {fileID: 4057359497517872, guid: 14eab3179517a954c87faf31cd4331f8, type: 3}
      propertyPath: m_LocalRotation.x
      value: -0
      objectReference: {fileID: 0}
    - target: {fileID: 4057359497517872, guid: 14eab3179517a954c87faf31cd4331f8, type: 3}
      propertyPath: m_LocalRotation.y
      value: -0
      objectReference: {fileID: 0}
    - target: {fileID: 4057359497517872, guid: 14eab3179517a954c87faf31cd4331f8, type: 3}
      propertyPath: m_LocalRotation.z
      value: -0
      objectReference: {fileID: 0}
    - target: {fileID: 4057359497517872, guid: 14eab3179517a954c87faf31cd4331f8, type: 3}
      propertyPath: m_LocalEulerAnglesHint.x
      value: 0
      objectReference: {fileID: 0}
    - target: {fileID: 4057359497517872, guid: 14eab3179517a954c87faf31cd4331f8, type: 3}
      propertyPath: m_LocalEulerAnglesHint.y
      value: 0
      objectReference: {fileID: 0}
    - target: {fileID: 4057359497517872, guid: 14eab3179517a954c87faf31cd4331f8, type: 3}
      propertyPath: m_LocalEulerAnglesHint.z
      value: 0
      objectReference: {fileID: 0}
    m_RemovedComponents: []
  m_SourcePrefab: {fileID: 100100000, guid: 14eab3179517a954c87faf31cd4331f8, type: 3}
--- !u!4 &4757185872085500697 stripped
Transform:
  m_CorrespondingSourceObject: {fileID: 4057359497517872, guid: 14eab3179517a954c87faf31cd4331f8, type: 3}
  m_PrefabInstance: {fileID: 4758758330338023465}
  m_PrefabAsset: {fileID: 0}
--- !u!1001 &5622827296735849509
PrefabInstance:
  m_ObjectHideFlags: 0
  serializedVersion: 2
  m_Modification:
    m_TransformParent: {fileID: 7534864484273226527}
    m_Modifications:
    - target: {fileID: 1089632392375526, guid: c422904f3f961e94aac7030a6343c157, type: 3}
      propertyPath: m_Name
      value: SM_Bld_Wall_01_Alt (7)
      objectReference: {fileID: 0}
    - target: {fileID: 4733297365927674, guid: c422904f3f961e94aac7030a6343c157, type: 3}
      propertyPath: m_RootOrder
      value: 3
      objectReference: {fileID: 0}
    - target: {fileID: 4733297365927674, guid: c422904f3f961e94aac7030a6343c157, type: 3}
      propertyPath: m_LocalPosition.x
      value: 5
      objectReference: {fileID: 0}
    - target: {fileID: 4733297365927674, guid: c422904f3f961e94aac7030a6343c157, type: 3}
      propertyPath: m_LocalPosition.y
      value: 0
      objectReference: {fileID: 0}
    - target: {fileID: 4733297365927674, guid: c422904f3f961e94aac7030a6343c157, type: 3}
      propertyPath: m_LocalPosition.z
      value: -5
      objectReference: {fileID: 0}
    - target: {fileID: 4733297365927674, guid: c422904f3f961e94aac7030a6343c157, type: 3}
      propertyPath: m_LocalRotation.w
      value: 0.7071068
      objectReference: {fileID: 0}
    - target: {fileID: 4733297365927674, guid: c422904f3f961e94aac7030a6343c157, type: 3}
      propertyPath: m_LocalRotation.x
      value: -0
      objectReference: {fileID: 0}
    - target: {fileID: 4733297365927674, guid: c422904f3f961e94aac7030a6343c157, type: 3}
      propertyPath: m_LocalRotation.y
      value: 0.7071068
      objectReference: {fileID: 0}
    - target: {fileID: 4733297365927674, guid: c422904f3f961e94aac7030a6343c157, type: 3}
      propertyPath: m_LocalRotation.z
      value: -0
      objectReference: {fileID: 0}
    - target: {fileID: 4733297365927674, guid: c422904f3f961e94aac7030a6343c157, type: 3}
      propertyPath: m_LocalEulerAnglesHint.x
      value: 0
      objectReference: {fileID: 0}
    - target: {fileID: 4733297365927674, guid: c422904f3f961e94aac7030a6343c157, type: 3}
      propertyPath: m_LocalEulerAnglesHint.y
      value: 90
      objectReference: {fileID: 0}
    - target: {fileID: 4733297365927674, guid: c422904f3f961e94aac7030a6343c157, type: 3}
      propertyPath: m_LocalEulerAnglesHint.z
      value: 0
      objectReference: {fileID: 0}
    m_RemovedComponents: []
  m_SourcePrefab: {fileID: 100100000, guid: c422904f3f961e94aac7030a6343c157, type: 3}
--- !u!4 &5627418476719352543 stripped
Transform:
  m_CorrespondingSourceObject: {fileID: 4733297365927674, guid: c422904f3f961e94aac7030a6343c157, type: 3}
  m_PrefabInstance: {fileID: 5622827296735849509}
  m_PrefabAsset: {fileID: 0}
--- !u!1001 &5708722271863551206
PrefabInstance:
  m_ObjectHideFlags: 0
  serializedVersion: 2
  m_Modification:
    m_TransformParent: {fileID: 8872934936896962409}
    m_Modifications:
    - target: {fileID: 1525326058169648, guid: 14eab3179517a954c87faf31cd4331f8, type: 3}
      propertyPath: m_Name
      value: SM_Bld_Floor_07 (15)
      objectReference: {fileID: 0}
    - target: {fileID: 4057359497517872, guid: 14eab3179517a954c87faf31cd4331f8, type: 3}
      propertyPath: m_RootOrder
      value: 9
      objectReference: {fileID: 0}
    - target: {fileID: 4057359497517872, guid: 14eab3179517a954c87faf31cd4331f8, type: 3}
      propertyPath: m_LocalPosition.x
      value: 15
      objectReference: {fileID: 0}
    - target: {fileID: 4057359497517872, guid: 14eab3179517a954c87faf31cd4331f8, type: 3}
      propertyPath: m_LocalPosition.y
      value: 0
      objectReference: {fileID: 0}
    - target: {fileID: 4057359497517872, guid: 14eab3179517a954c87faf31cd4331f8, type: 3}
      propertyPath: m_LocalPosition.z
      value: 15.000006
      objectReference: {fileID: 0}
    - target: {fileID: 4057359497517872, guid: 14eab3179517a954c87faf31cd4331f8, type: 3}
      propertyPath: m_LocalRotation.w
      value: 1
      objectReference: {fileID: 0}
    - target: {fileID: 4057359497517872, guid: 14eab3179517a954c87faf31cd4331f8, type: 3}
      propertyPath: m_LocalRotation.x
      value: -0
      objectReference: {fileID: 0}
    - target: {fileID: 4057359497517872, guid: 14eab3179517a954c87faf31cd4331f8, type: 3}
      propertyPath: m_LocalRotation.y
      value: -0
      objectReference: {fileID: 0}
    - target: {fileID: 4057359497517872, guid: 14eab3179517a954c87faf31cd4331f8, type: 3}
      propertyPath: m_LocalRotation.z
      value: -0
      objectReference: {fileID: 0}
    - target: {fileID: 4057359497517872, guid: 14eab3179517a954c87faf31cd4331f8, type: 3}
      propertyPath: m_LocalEulerAnglesHint.x
      value: 0
      objectReference: {fileID: 0}
    - target: {fileID: 4057359497517872, guid: 14eab3179517a954c87faf31cd4331f8, type: 3}
      propertyPath: m_LocalEulerAnglesHint.y
      value: 0
      objectReference: {fileID: 0}
    - target: {fileID: 4057359497517872, guid: 14eab3179517a954c87faf31cd4331f8, type: 3}
      propertyPath: m_LocalEulerAnglesHint.z
      value: 0
      objectReference: {fileID: 0}
    m_RemovedComponents: []
  m_SourcePrefab: {fileID: 100100000, guid: 14eab3179517a954c87faf31cd4331f8, type: 3}
--- !u!4 &5708064645271187414 stripped
Transform:
  m_CorrespondingSourceObject: {fileID: 4057359497517872, guid: 14eab3179517a954c87faf31cd4331f8, type: 3}
  m_PrefabInstance: {fileID: 5708722271863551206}
  m_PrefabAsset: {fileID: 0}
--- !u!1001 &5898759524221383887
PrefabInstance:
  m_ObjectHideFlags: 0
  serializedVersion: 2
  m_Modification:
    m_TransformParent: {fileID: 7534864484273226527}
    m_Modifications:
    - target: {fileID: 1089632392375526, guid: c422904f3f961e94aac7030a6343c157, type: 3}
      propertyPath: m_Name
      value: SM_Bld_Wall_01_Alt (14)
      objectReference: {fileID: 0}
    - target: {fileID: 4733297365927674, guid: c422904f3f961e94aac7030a6343c157, type: 3}
      propertyPath: m_RootOrder
      value: 11
      objectReference: {fileID: 0}
    - target: {fileID: 4733297365927674, guid: c422904f3f961e94aac7030a6343c157, type: 3}
      propertyPath: m_LocalPosition.x
      value: 5
      objectReference: {fileID: 0}
    - target: {fileID: 4733297365927674, guid: c422904f3f961e94aac7030a6343c157, type: 3}
      propertyPath: m_LocalPosition.y
      value: 0
      objectReference: {fileID: 0}
    - target: {fileID: 4733297365927674, guid: c422904f3f961e94aac7030a6343c157, type: 3}
      propertyPath: m_LocalPosition.z
      value: 20
      objectReference: {fileID: 0}
    - target: {fileID: 4733297365927674, guid: c422904f3f961e94aac7030a6343c157, type: 3}
      propertyPath: m_LocalRotation.w
      value: 0.7071068
      objectReference: {fileID: 0}
    - target: {fileID: 4733297365927674, guid: c422904f3f961e94aac7030a6343c157, type: 3}
      propertyPath: m_LocalRotation.x
      value: -0
      objectReference: {fileID: 0}
    - target: {fileID: 4733297365927674, guid: c422904f3f961e94aac7030a6343c157, type: 3}
      propertyPath: m_LocalRotation.y
      value: 0.7071068
      objectReference: {fileID: 0}
    - target: {fileID: 4733297365927674, guid: c422904f3f961e94aac7030a6343c157, type: 3}
      propertyPath: m_LocalRotation.z
      value: -0
      objectReference: {fileID: 0}
    - target: {fileID: 4733297365927674, guid: c422904f3f961e94aac7030a6343c157, type: 3}
      propertyPath: m_LocalEulerAnglesHint.x
      value: 0
      objectReference: {fileID: 0}
    - target: {fileID: 4733297365927674, guid: c422904f3f961e94aac7030a6343c157, type: 3}
      propertyPath: m_LocalEulerAnglesHint.y
      value: 90
      objectReference: {fileID: 0}
    - target: {fileID: 4733297365927674, guid: c422904f3f961e94aac7030a6343c157, type: 3}
      propertyPath: m_LocalEulerAnglesHint.z
      value: 0
      objectReference: {fileID: 0}
    m_RemovedComponents: []
  m_SourcePrefab: {fileID: 100100000, guid: c422904f3f961e94aac7030a6343c157, type: 3}
--- !u!4 &5894167790188114485 stripped
Transform:
  m_CorrespondingSourceObject: {fileID: 4733297365927674, guid: c422904f3f961e94aac7030a6343c157, type: 3}
  m_PrefabInstance: {fileID: 5898759524221383887}
  m_PrefabAsset: {fileID: 0}
--- !u!1001 &6057074189048755191
PrefabInstance:
  m_ObjectHideFlags: 0
  serializedVersion: 2
  m_Modification:
    m_TransformParent: {fileID: 7534864484273226527}
    m_Modifications:
    - target: {fileID: 1089632392375526, guid: c422904f3f961e94aac7030a6343c157, type: 3}
      propertyPath: m_Name
      value: SM_Bld_Wall_01_Alt (12)
      objectReference: {fileID: 0}
    - target: {fileID: 4733297365927674, guid: c422904f3f961e94aac7030a6343c157, type: 3}
      propertyPath: m_RootOrder
      value: 9
      objectReference: {fileID: 0}
    - target: {fileID: 4733297365927674, guid: c422904f3f961e94aac7030a6343c157, type: 3}
      propertyPath: m_LocalPosition.x
      value: 5
      objectReference: {fileID: 0}
    - target: {fileID: 4733297365927674, guid: c422904f3f961e94aac7030a6343c157, type: 3}
      propertyPath: m_LocalPosition.y
      value: 0
      objectReference: {fileID: 0}
    - target: {fileID: 4733297365927674, guid: c422904f3f961e94aac7030a6343c157, type: 3}
      propertyPath: m_LocalPosition.z
      value: 15
      objectReference: {fileID: 0}
    - target: {fileID: 4733297365927674, guid: c422904f3f961e94aac7030a6343c157, type: 3}
      propertyPath: m_LocalRotation.w
      value: 0.7071068
      objectReference: {fileID: 0}
    - target: {fileID: 4733297365927674, guid: c422904f3f961e94aac7030a6343c157, type: 3}
      propertyPath: m_LocalRotation.x
      value: -0
      objectReference: {fileID: 0}
    - target: {fileID: 4733297365927674, guid: c422904f3f961e94aac7030a6343c157, type: 3}
      propertyPath: m_LocalRotation.y
      value: 0.7071068
      objectReference: {fileID: 0}
    - target: {fileID: 4733297365927674, guid: c422904f3f961e94aac7030a6343c157, type: 3}
      propertyPath: m_LocalRotation.z
      value: -0
      objectReference: {fileID: 0}
    - target: {fileID: 4733297365927674, guid: c422904f3f961e94aac7030a6343c157, type: 3}
      propertyPath: m_LocalEulerAnglesHint.x
      value: 0
      objectReference: {fileID: 0}
    - target: {fileID: 4733297365927674, guid: c422904f3f961e94aac7030a6343c157, type: 3}
      propertyPath: m_LocalEulerAnglesHint.y
      value: 90
      objectReference: {fileID: 0}
    - target: {fileID: 4733297365927674, guid: c422904f3f961e94aac7030a6343c157, type: 3}
      propertyPath: m_LocalEulerAnglesHint.z
      value: 0
      objectReference: {fileID: 0}
    m_RemovedComponents: []
  m_SourcePrefab: {fileID: 100100000, guid: c422904f3f961e94aac7030a6343c157, type: 3}
--- !u!4 &6061805561998800141 stripped
Transform:
  m_CorrespondingSourceObject: {fileID: 4733297365927674, guid: c422904f3f961e94aac7030a6343c157, type: 3}
  m_PrefabInstance: {fileID: 6057074189048755191}
  m_PrefabAsset: {fileID: 0}
--- !u!1001 &6242717727192431005
PrefabInstance:
  m_ObjectHideFlags: 0
  serializedVersion: 2
  m_Modification:
    m_TransformParent: {fileID: 7534864484273226527}
    m_Modifications:
    - target: {fileID: 1089632392375526, guid: c422904f3f961e94aac7030a6343c157, type: 3}
      propertyPath: m_Name
      value: SM_Bld_Wall_01_Alt (11)
      objectReference: {fileID: 0}
    - target: {fileID: 4733297365927674, guid: c422904f3f961e94aac7030a6343c157, type: 3}
      propertyPath: m_RootOrder
      value: 8
      objectReference: {fileID: 0}
    - target: {fileID: 4733297365927674, guid: c422904f3f961e94aac7030a6343c157, type: 3}
      propertyPath: m_LocalPosition.x
      value: 15
      objectReference: {fileID: 0}
    - target: {fileID: 4733297365927674, guid: c422904f3f961e94aac7030a6343c157, type: 3}
      propertyPath: m_LocalPosition.y
      value: 0
      objectReference: {fileID: 0}
    - target: {fileID: 4733297365927674, guid: c422904f3f961e94aac7030a6343c157, type: 3}
      propertyPath: m_LocalPosition.z
      value: 20.000006
      objectReference: {fileID: 0}
    - target: {fileID: 4733297365927674, guid: c422904f3f961e94aac7030a6343c157, type: 3}
      propertyPath: m_LocalRotation.w
      value: 0.7071068
      objectReference: {fileID: 0}
    - target: {fileID: 4733297365927674, guid: c422904f3f961e94aac7030a6343c157, type: 3}
      propertyPath: m_LocalRotation.x
      value: -0
      objectReference: {fileID: 0}
    - target: {fileID: 4733297365927674, guid: c422904f3f961e94aac7030a6343c157, type: 3}
      propertyPath: m_LocalRotation.y
      value: -0.7071068
      objectReference: {fileID: 0}
    - target: {fileID: 4733297365927674, guid: c422904f3f961e94aac7030a6343c157, type: 3}
      propertyPath: m_LocalRotation.z
      value: -0
      objectReference: {fileID: 0}
    - target: {fileID: 4733297365927674, guid: c422904f3f961e94aac7030a6343c157, type: 3}
      propertyPath: m_LocalEulerAnglesHint.x
      value: 0
      objectReference: {fileID: 0}
    - target: {fileID: 4733297365927674, guid: c422904f3f961e94aac7030a6343c157, type: 3}
      propertyPath: m_LocalEulerAnglesHint.y
      value: -90
      objectReference: {fileID: 0}
    - target: {fileID: 4733297365927674, guid: c422904f3f961e94aac7030a6343c157, type: 3}
      propertyPath: m_LocalEulerAnglesHint.z
      value: 0
      objectReference: {fileID: 0}
    m_RemovedComponents: []
  m_SourcePrefab: {fileID: 100100000, guid: c422904f3f961e94aac7030a6343c157, type: 3}
--- !u!4 &6247132986522369895 stripped
Transform:
  m_CorrespondingSourceObject: {fileID: 4733297365927674, guid: c422904f3f961e94aac7030a6343c157, type: 3}
  m_PrefabInstance: {fileID: 6242717727192431005}
  m_PrefabAsset: {fileID: 0}
--- !u!1001 &6339709785810824336
PrefabInstance:
  m_ObjectHideFlags: 0
  serializedVersion: 2
  m_Modification:
    m_TransformParent: {fileID: 8872934936896962409}
    m_Modifications:
    - target: {fileID: 1525326058169648, guid: 14eab3179517a954c87faf31cd4331f8, type: 3}
      propertyPath: m_Name
      value: SM_Bld_Floor_07 (7)
      objectReference: {fileID: 0}
    - target: {fileID: 4057359497517872, guid: 14eab3179517a954c87faf31cd4331f8, type: 3}
      propertyPath: m_RootOrder
      value: 8
      objectReference: {fileID: 0}
    - target: {fileID: 4057359497517872, guid: 14eab3179517a954c87faf31cd4331f8, type: 3}
      propertyPath: m_LocalPosition.x
      value: 10
      objectReference: {fileID: 0}
    - target: {fileID: 4057359497517872, guid: 14eab3179517a954c87faf31cd4331f8, type: 3}
      propertyPath: m_LocalPosition.y
      value: 0
      objectReference: {fileID: 0}
    - target: {fileID: 4057359497517872, guid: 14eab3179517a954c87faf31cd4331f8, type: 3}
      propertyPath: m_LocalPosition.z
      value: 15
      objectReference: {fileID: 0}
    - target: {fileID: 4057359497517872, guid: 14eab3179517a954c87faf31cd4331f8, type: 3}
      propertyPath: m_LocalRotation.w
      value: 1
      objectReference: {fileID: 0}
    - target: {fileID: 4057359497517872, guid: 14eab3179517a954c87faf31cd4331f8, type: 3}
      propertyPath: m_LocalRotation.x
      value: -0
      objectReference: {fileID: 0}
    - target: {fileID: 4057359497517872, guid: 14eab3179517a954c87faf31cd4331f8, type: 3}
      propertyPath: m_LocalRotation.y
      value: -0
      objectReference: {fileID: 0}
    - target: {fileID: 4057359497517872, guid: 14eab3179517a954c87faf31cd4331f8, type: 3}
      propertyPath: m_LocalRotation.z
      value: -0
      objectReference: {fileID: 0}
    - target: {fileID: 4057359497517872, guid: 14eab3179517a954c87faf31cd4331f8, type: 3}
      propertyPath: m_LocalEulerAnglesHint.x
      value: 0
      objectReference: {fileID: 0}
    - target: {fileID: 4057359497517872, guid: 14eab3179517a954c87faf31cd4331f8, type: 3}
      propertyPath: m_LocalEulerAnglesHint.y
      value: 0
      objectReference: {fileID: 0}
    - target: {fileID: 4057359497517872, guid: 14eab3179517a954c87faf31cd4331f8, type: 3}
      propertyPath: m_LocalEulerAnglesHint.z
      value: 0
      objectReference: {fileID: 0}
    m_RemovedComponents: []
  m_SourcePrefab: {fileID: 100100000, guid: 14eab3179517a954c87faf31cd4331f8, type: 3}
--- !u!4 &6338049375536756640 stripped
Transform:
  m_CorrespondingSourceObject: {fileID: 4057359497517872, guid: 14eab3179517a954c87faf31cd4331f8, type: 3}
  m_PrefabInstance: {fileID: 6339709785810824336}
  m_PrefabAsset: {fileID: 0}
--- !u!1001 &6489710062474805617
PrefabInstance:
  m_ObjectHideFlags: 0
  serializedVersion: 2
  m_Modification:
    m_TransformParent: {fileID: 7534864484273226527}
    m_Modifications:
    - target: {fileID: 1089632392375526, guid: c422904f3f961e94aac7030a6343c157, type: 3}
      propertyPath: m_Name
      value: SM_Bld_Wall_01_Alt (3)
      objectReference: {fileID: 0}
    - target: {fileID: 4733297365927674, guid: c422904f3f961e94aac7030a6343c157, type: 3}
      propertyPath: m_RootOrder
      value: 0
      objectReference: {fileID: 0}
    - target: {fileID: 4733297365927674, guid: c422904f3f961e94aac7030a6343c157, type: 3}
      propertyPath: m_LocalPosition.x
      value: 15
      objectReference: {fileID: 0}
    - target: {fileID: 4733297365927674, guid: c422904f3f961e94aac7030a6343c157, type: 3}
      propertyPath: m_LocalPosition.y
      value: 0
      objectReference: {fileID: 0}
    - target: {fileID: 4733297365927674, guid: c422904f3f961e94aac7030a6343c157, type: 3}
      propertyPath: m_LocalPosition.z
      value: 10.000006
      objectReference: {fileID: 0}
    - target: {fileID: 4733297365927674, guid: c422904f3f961e94aac7030a6343c157, type: 3}
      propertyPath: m_LocalRotation.w
      value: 0.7071068
      objectReference: {fileID: 0}
    - target: {fileID: 4733297365927674, guid: c422904f3f961e94aac7030a6343c157, type: 3}
      propertyPath: m_LocalRotation.x
      value: -0
      objectReference: {fileID: 0}
    - target: {fileID: 4733297365927674, guid: c422904f3f961e94aac7030a6343c157, type: 3}
      propertyPath: m_LocalRotation.y
      value: -0.7071068
      objectReference: {fileID: 0}
    - target: {fileID: 4733297365927674, guid: c422904f3f961e94aac7030a6343c157, type: 3}
      propertyPath: m_LocalRotation.z
      value: -0
      objectReference: {fileID: 0}
    - target: {fileID: 4733297365927674, guid: c422904f3f961e94aac7030a6343c157, type: 3}
      propertyPath: m_LocalEulerAnglesHint.x
      value: 0
      objectReference: {fileID: 0}
    - target: {fileID: 4733297365927674, guid: c422904f3f961e94aac7030a6343c157, type: 3}
      propertyPath: m_LocalEulerAnglesHint.y
      value: -90
      objectReference: {fileID: 0}
    - target: {fileID: 4733297365927674, guid: c422904f3f961e94aac7030a6343c157, type: 3}
      propertyPath: m_LocalEulerAnglesHint.z
      value: 0
      objectReference: {fileID: 0}
    m_RemovedComponents: []
  m_SourcePrefab: {fileID: 100100000, guid: c422904f3f961e94aac7030a6343c157, type: 3}
--- !u!4 &6485398977709213579 stripped
Transform:
  m_CorrespondingSourceObject: {fileID: 4733297365927674, guid: c422904f3f961e94aac7030a6343c157, type: 3}
  m_PrefabInstance: {fileID: 6489710062474805617}
  m_PrefabAsset: {fileID: 0}
--- !u!1001 &6531663453413241301
PrefabInstance:
  m_ObjectHideFlags: 0
  serializedVersion: 2
  m_Modification:
    m_TransformParent: {fileID: 7534864484273226527}
    m_Modifications:
    - target: {fileID: 1089632392375526, guid: c422904f3f961e94aac7030a6343c157, type: 3}
      propertyPath: m_Name
      value: SM_Bld_Wall_01_Alt (13)
      objectReference: {fileID: 0}
    - target: {fileID: 4733297365927674, guid: c422904f3f961e94aac7030a6343c157, type: 3}
      propertyPath: m_RootOrder
      value: 10
      objectReference: {fileID: 0}
    - target: {fileID: 4733297365927674, guid: c422904f3f961e94aac7030a6343c157, type: 3}
      propertyPath: m_LocalPosition.x
      value: 15
      objectReference: {fileID: 0}
    - target: {fileID: 4733297365927674, guid: c422904f3f961e94aac7030a6343c157, type: 3}
      propertyPath: m_LocalPosition.y
      value: 0
      objectReference: {fileID: 0}
    - target: {fileID: 4733297365927674, guid: c422904f3f961e94aac7030a6343c157, type: 3}
      propertyPath: m_LocalPosition.z
      value: 25.000006
      objectReference: {fileID: 0}
    - target: {fileID: 4733297365927674, guid: c422904f3f961e94aac7030a6343c157, type: 3}
      propertyPath: m_LocalRotation.w
      value: 0.7071068
      objectReference: {fileID: 0}
    - target: {fileID: 4733297365927674, guid: c422904f3f961e94aac7030a6343c157, type: 3}
      propertyPath: m_LocalRotation.x
      value: -0
      objectReference: {fileID: 0}
    - target: {fileID: 4733297365927674, guid: c422904f3f961e94aac7030a6343c157, type: 3}
      propertyPath: m_LocalRotation.y
      value: -0.7071068
      objectReference: {fileID: 0}
    - target: {fileID: 4733297365927674, guid: c422904f3f961e94aac7030a6343c157, type: 3}
      propertyPath: m_LocalRotation.z
      value: -0
      objectReference: {fileID: 0}
    - target: {fileID: 4733297365927674, guid: c422904f3f961e94aac7030a6343c157, type: 3}
      propertyPath: m_LocalEulerAnglesHint.x
      value: 0
      objectReference: {fileID: 0}
    - target: {fileID: 4733297365927674, guid: c422904f3f961e94aac7030a6343c157, type: 3}
      propertyPath: m_LocalEulerAnglesHint.y
      value: -90
      objectReference: {fileID: 0}
    - target: {fileID: 4733297365927674, guid: c422904f3f961e94aac7030a6343c157, type: 3}
      propertyPath: m_LocalEulerAnglesHint.z
      value: 0
      objectReference: {fileID: 0}
    m_RemovedComponents: []
  m_SourcePrefab: {fileID: 100100000, guid: c422904f3f961e94aac7030a6343c157, type: 3}
--- !u!4 &6536396126529271599 stripped
Transform:
  m_CorrespondingSourceObject: {fileID: 4733297365927674, guid: c422904f3f961e94aac7030a6343c157, type: 3}
  m_PrefabInstance: {fileID: 6531663453413241301}
  m_PrefabAsset: {fileID: 0}
--- !u!1001 &6632471350795269502
PrefabInstance:
  m_ObjectHideFlags: 0
  serializedVersion: 2
  m_Modification:
    m_TransformParent: {fileID: 7534864484273226527}
    m_Modifications:
    - target: {fileID: 1089632392375526, guid: c422904f3f961e94aac7030a6343c157, type: 3}
      propertyPath: m_Name
      value: SM_Bld_Wall_01_Alt (6)
      objectReference: {fileID: 0}
    - target: {fileID: 4733297365927674, guid: c422904f3f961e94aac7030a6343c157, type: 3}
      propertyPath: m_RootOrder
      value: 6
      objectReference: {fileID: 0}
    - target: {fileID: 4733297365927674, guid: c422904f3f961e94aac7030a6343c157, type: 3}
      propertyPath: m_LocalPosition.x
      value: 15
      objectReference: {fileID: 0}
    - target: {fileID: 4733297365927674, guid: c422904f3f961e94aac7030a6343c157, type: 3}
      propertyPath: m_LocalPosition.y
      value: 0
      objectReference: {fileID: 0}
    - target: {fileID: 4733297365927674, guid: c422904f3f961e94aac7030a6343c157, type: 3}
      propertyPath: m_LocalPosition.z
      value: 15.000002
      objectReference: {fileID: 0}
    - target: {fileID: 4733297365927674, guid: c422904f3f961e94aac7030a6343c157, type: 3}
      propertyPath: m_LocalRotation.w
      value: 0.7071068
      objectReference: {fileID: 0}
    - target: {fileID: 4733297365927674, guid: c422904f3f961e94aac7030a6343c157, type: 3}
      propertyPath: m_LocalRotation.x
      value: -0
      objectReference: {fileID: 0}
    - target: {fileID: 4733297365927674, guid: c422904f3f961e94aac7030a6343c157, type: 3}
      propertyPath: m_LocalRotation.y
      value: -0.7071068
      objectReference: {fileID: 0}
    - target: {fileID: 4733297365927674, guid: c422904f3f961e94aac7030a6343c157, type: 3}
      propertyPath: m_LocalRotation.z
      value: -0
      objectReference: {fileID: 0}
    - target: {fileID: 4733297365927674, guid: c422904f3f961e94aac7030a6343c157, type: 3}
      propertyPath: m_LocalEulerAnglesHint.x
      value: 0
      objectReference: {fileID: 0}
    - target: {fileID: 4733297365927674, guid: c422904f3f961e94aac7030a6343c157, type: 3}
      propertyPath: m_LocalEulerAnglesHint.y
      value: -90
      objectReference: {fileID: 0}
    - target: {fileID: 4733297365927674, guid: c422904f3f961e94aac7030a6343c157, type: 3}
      propertyPath: m_LocalEulerAnglesHint.z
      value: 0
      objectReference: {fileID: 0}
    m_RemovedComponents: []
  m_SourcePrefab: {fileID: 100100000, guid: c422904f3f961e94aac7030a6343c157, type: 3}
--- !u!4 &6637062737740936068 stripped
Transform:
  m_CorrespondingSourceObject: {fileID: 4733297365927674, guid: c422904f3f961e94aac7030a6343c157, type: 3}
  m_PrefabInstance: {fileID: 6632471350795269502}
  m_PrefabAsset: {fileID: 0}
--- !u!1001 &7269037540663638495
PrefabInstance:
  m_ObjectHideFlags: 0
  serializedVersion: 2
  m_Modification:
    m_TransformParent: {fileID: 8872934936896962409}
    m_Modifications:
    - target: {fileID: 1525326058169648, guid: 14eab3179517a954c87faf31cd4331f8, type: 3}
      propertyPath: m_Name
      value: SM_Bld_Floor_07 (16)
      objectReference: {fileID: 0}
    - target: {fileID: 4057359497517872, guid: 14eab3179517a954c87faf31cd4331f8, type: 3}
      propertyPath: m_RootOrder
      value: 11
      objectReference: {fileID: 0}
    - target: {fileID: 4057359497517872, guid: 14eab3179517a954c87faf31cd4331f8, type: 3}
      propertyPath: m_LocalPosition.x
      value: 15
      objectReference: {fileID: 0}
    - target: {fileID: 4057359497517872, guid: 14eab3179517a954c87faf31cd4331f8, type: 3}
      propertyPath: m_LocalPosition.y
      value: 0
      objectReference: {fileID: 0}
    - target: {fileID: 4057359497517872, guid: 14eab3179517a954c87faf31cd4331f8, type: 3}
      propertyPath: m_LocalPosition.z
      value: 20.000002
      objectReference: {fileID: 0}
    - target: {fileID: 4057359497517872, guid: 14eab3179517a954c87faf31cd4331f8, type: 3}
      propertyPath: m_LocalRotation.w
      value: 1
      objectReference: {fileID: 0}
    - target: {fileID: 4057359497517872, guid: 14eab3179517a954c87faf31cd4331f8, type: 3}
      propertyPath: m_LocalRotation.x
      value: -0
      objectReference: {fileID: 0}
    - target: {fileID: 4057359497517872, guid: 14eab3179517a954c87faf31cd4331f8, type: 3}
      propertyPath: m_LocalRotation.y
      value: -0
      objectReference: {fileID: 0}
    - target: {fileID: 4057359497517872, guid: 14eab3179517a954c87faf31cd4331f8, type: 3}
      propertyPath: m_LocalRotation.z
      value: -0
      objectReference: {fileID: 0}
    - target: {fileID: 4057359497517872, guid: 14eab3179517a954c87faf31cd4331f8, type: 3}
      propertyPath: m_LocalEulerAnglesHint.x
      value: 0
      objectReference: {fileID: 0}
    - target: {fileID: 4057359497517872, guid: 14eab3179517a954c87faf31cd4331f8, type: 3}
      propertyPath: m_LocalEulerAnglesHint.y
      value: 0
      objectReference: {fileID: 0}
    - target: {fileID: 4057359497517872, guid: 14eab3179517a954c87faf31cd4331f8, type: 3}
      propertyPath: m_LocalEulerAnglesHint.z
      value: 0
      objectReference: {fileID: 0}
    m_RemovedComponents: []
  m_SourcePrefab: {fileID: 100100000, guid: 14eab3179517a954c87faf31cd4331f8, type: 3}
--- !u!4 &7272931888232096495 stripped
Transform:
  m_CorrespondingSourceObject: {fileID: 4057359497517872, guid: 14eab3179517a954c87faf31cd4331f8, type: 3}
  m_PrefabInstance: {fileID: 7269037540663638495}
  m_PrefabAsset: {fileID: 0}
--- !u!1001 &8058169318011668768
PrefabInstance:
  m_ObjectHideFlags: 0
  serializedVersion: 2
  m_Modification:
    m_TransformParent: {fileID: 8872934936896962409}
    m_Modifications:
    - target: {fileID: 1525326058169648, guid: 14eab3179517a954c87faf31cd4331f8, type: 3}
      propertyPath: m_Name
      value: SM_Bld_Floor_07 (14)
      objectReference: {fileID: 0}
    - target: {fileID: 4057359497517872, guid: 14eab3179517a954c87faf31cd4331f8, type: 3}
      propertyPath: m_RootOrder
      value: 7
      objectReference: {fileID: 0}
    - target: {fileID: 4057359497517872, guid: 14eab3179517a954c87faf31cd4331f8, type: 3}
      propertyPath: m_LocalPosition.x
      value: 15
      objectReference: {fileID: 0}
    - target: {fileID: 4057359497517872, guid: 14eab3179517a954c87faf31cd4331f8, type: 3}
      propertyPath: m_LocalPosition.y
      value: 0
      objectReference: {fileID: 0}
    - target: {fileID: 4057359497517872, guid: 14eab3179517a954c87faf31cd4331f8, type: 3}
      propertyPath: m_LocalPosition.z
      value: 10.000002
      objectReference: {fileID: 0}
    - target: {fileID: 4057359497517872, guid: 14eab3179517a954c87faf31cd4331f8, type: 3}
      propertyPath: m_LocalRotation.w
      value: 1
      objectReference: {fileID: 0}
    - target: {fileID: 4057359497517872, guid: 14eab3179517a954c87faf31cd4331f8, type: 3}
      propertyPath: m_LocalRotation.x
      value: -0
      objectReference: {fileID: 0}
    - target: {fileID: 4057359497517872, guid: 14eab3179517a954c87faf31cd4331f8, type: 3}
      propertyPath: m_LocalRotation.y
      value: -0
      objectReference: {fileID: 0}
    - target: {fileID: 4057359497517872, guid: 14eab3179517a954c87faf31cd4331f8, type: 3}
      propertyPath: m_LocalRotation.z
      value: -0
      objectReference: {fileID: 0}
    - target: {fileID: 4057359497517872, guid: 14eab3179517a954c87faf31cd4331f8, type: 3}
      propertyPath: m_LocalEulerAnglesHint.x
      value: 0
      objectReference: {fileID: 0}
    - target: {fileID: 4057359497517872, guid: 14eab3179517a954c87faf31cd4331f8, type: 3}
      propertyPath: m_LocalEulerAnglesHint.y
      value: 0
      objectReference: {fileID: 0}
    - target: {fileID: 4057359497517872, guid: 14eab3179517a954c87faf31cd4331f8, type: 3}
      propertyPath: m_LocalEulerAnglesHint.z
      value: 0
      objectReference: {fileID: 0}
    m_RemovedComponents: []
  m_SourcePrefab: {fileID: 100100000, guid: 14eab3179517a954c87faf31cd4331f8, type: 3}
--- !u!4 &8059812110380225040 stripped
Transform:
  m_CorrespondingSourceObject: {fileID: 4057359497517872, guid: 14eab3179517a954c87faf31cd4331f8, type: 3}
  m_PrefabInstance: {fileID: 8058169318011668768}
  m_PrefabAsset: {fileID: 0}
--- !u!1001 &8169441717502110626
PrefabInstance:
  m_ObjectHideFlags: 0
  serializedVersion: 2
  m_Modification:
    m_TransformParent: {fileID: 8872934936896962409}
    m_Modifications:
    - target: {fileID: 1525326058169648, guid: 14eab3179517a954c87faf31cd4331f8, type: 3}
      propertyPath: m_Name
      value: SM_Bld_Floor_07 (8)
      objectReference: {fileID: 0}
    - target: {fileID: 4057359497517872, guid: 14eab3179517a954c87faf31cd4331f8, type: 3}
      propertyPath: m_RootOrder
      value: 10
      objectReference: {fileID: 0}
    - target: {fileID: 4057359497517872, guid: 14eab3179517a954c87faf31cd4331f8, type: 3}
      propertyPath: m_LocalPosition.x
      value: 10
      objectReference: {fileID: 0}
    - target: {fileID: 4057359497517872, guid: 14eab3179517a954c87faf31cd4331f8, type: 3}
      propertyPath: m_LocalPosition.y
      value: 0
      objectReference: {fileID: 0}
    - target: {fileID: 4057359497517872, guid: 14eab3179517a954c87faf31cd4331f8, type: 3}
      propertyPath: m_LocalPosition.z
      value: 20
      objectReference: {fileID: 0}
    - target: {fileID: 4057359497517872, guid: 14eab3179517a954c87faf31cd4331f8, type: 3}
      propertyPath: m_LocalRotation.w
      value: 1
      objectReference: {fileID: 0}
    - target: {fileID: 4057359497517872, guid: 14eab3179517a954c87faf31cd4331f8, type: 3}
      propertyPath: m_LocalRotation.x
      value: -0
      objectReference: {fileID: 0}
    - target: {fileID: 4057359497517872, guid: 14eab3179517a954c87faf31cd4331f8, type: 3}
      propertyPath: m_LocalRotation.y
      value: -0
      objectReference: {fileID: 0}
    - target: {fileID: 4057359497517872, guid: 14eab3179517a954c87faf31cd4331f8, type: 3}
      propertyPath: m_LocalRotation.z
      value: -0
      objectReference: {fileID: 0}
    - target: {fileID: 4057359497517872, guid: 14eab3179517a954c87faf31cd4331f8, type: 3}
      propertyPath: m_LocalEulerAnglesHint.x
      value: 0
      objectReference: {fileID: 0}
    - target: {fileID: 4057359497517872, guid: 14eab3179517a954c87faf31cd4331f8, type: 3}
      propertyPath: m_LocalEulerAnglesHint.y
      value: 0
      objectReference: {fileID: 0}
    - target: {fileID: 4057359497517872, guid: 14eab3179517a954c87faf31cd4331f8, type: 3}
      propertyPath: m_LocalEulerAnglesHint.z
      value: 0
      objectReference: {fileID: 0}
    m_RemovedComponents: []
  m_SourcePrefab: {fileID: 100100000, guid: 14eab3179517a954c87faf31cd4331f8, type: 3}
--- !u!4 &8165525100828504210 stripped
Transform:
  m_CorrespondingSourceObject: {fileID: 4057359497517872, guid: 14eab3179517a954c87faf31cd4331f8, type: 3}
  m_PrefabInstance: {fileID: 8169441717502110626}
  m_PrefabAsset: {fileID: 0}
--- !u!1001 &8522313446733581341
PrefabInstance:
  m_ObjectHideFlags: 0
  serializedVersion: 2
  m_Modification:
    m_TransformParent: {fileID: 7534864484273226527}
    m_Modifications:
    - target: {fileID: 1089632392375526, guid: c422904f3f961e94aac7030a6343c157, type: 3}
      propertyPath: m_Name
      value: SM_Bld_Wall_01_Alt (5)
      objectReference: {fileID: 0}
    - target: {fileID: 4733297365927674, guid: c422904f3f961e94aac7030a6343c157, type: 3}
      propertyPath: m_RootOrder
      value: 2
      objectReference: {fileID: 0}
    - target: {fileID: 4733297365927674, guid: c422904f3f961e94aac7030a6343c157, type: 3}
      propertyPath: m_LocalPosition.x
      value: 15
      objectReference: {fileID: 0}
    - target: {fileID: 4733297365927674, guid: c422904f3f961e94aac7030a6343c157, type: 3}
      propertyPath: m_LocalPosition.y
      value: 0
      objectReference: {fileID: 0}
    - target: {fileID: 4733297365927674, guid: c422904f3f961e94aac7030a6343c157, type: 3}
      propertyPath: m_LocalPosition.z
      value: 0.000005722046
      objectReference: {fileID: 0}
    - target: {fileID: 4733297365927674, guid: c422904f3f961e94aac7030a6343c157, type: 3}
      propertyPath: m_LocalRotation.w
      value: 0.7071068
      objectReference: {fileID: 0}
    - target: {fileID: 4733297365927674, guid: c422904f3f961e94aac7030a6343c157, type: 3}
      propertyPath: m_LocalRotation.x
      value: -0
      objectReference: {fileID: 0}
    - target: {fileID: 4733297365927674, guid: c422904f3f961e94aac7030a6343c157, type: 3}
      propertyPath: m_LocalRotation.y
      value: -0.7071068
      objectReference: {fileID: 0}
    - target: {fileID: 4733297365927674, guid: c422904f3f961e94aac7030a6343c157, type: 3}
      propertyPath: m_LocalRotation.z
      value: -0
      objectReference: {fileID: 0}
    - target: {fileID: 4733297365927674, guid: c422904f3f961e94aac7030a6343c157, type: 3}
      propertyPath: m_LocalEulerAnglesHint.x
      value: 0
      objectReference: {fileID: 0}
    - target: {fileID: 4733297365927674, guid: c422904f3f961e94aac7030a6343c157, type: 3}
      propertyPath: m_LocalEulerAnglesHint.y
      value: -90
      objectReference: {fileID: 0}
    - target: {fileID: 4733297365927674, guid: c422904f3f961e94aac7030a6343c157, type: 3}
      propertyPath: m_LocalEulerAnglesHint.z
      value: 0
      objectReference: {fileID: 0}
    m_RemovedComponents: []
  m_SourcePrefab: {fileID: 100100000, guid: c422904f3f961e94aac7030a6343c157, type: 3}
--- !u!4 &8526868828029438695 stripped
Transform:
  m_CorrespondingSourceObject: {fileID: 4733297365927674, guid: c422904f3f961e94aac7030a6343c157, type: 3}
  m_PrefabInstance: {fileID: 8522313446733581341}
  m_PrefabAsset: {fileID: 0}
--- !u!1001 &8524813961420103049
PrefabInstance:
  m_ObjectHideFlags: 0
  serializedVersion: 2
  m_Modification:
    m_TransformParent: {fileID: 7534864484273226527}
    m_Modifications:
    - target: {fileID: 1089632392375526, guid: c422904f3f961e94aac7030a6343c157, type: 3}
      propertyPath: m_Name
      value: SM_Bld_Wall_01_Alt (9)
      objectReference: {fileID: 0}
    - target: {fileID: 4733297365927674, guid: c422904f3f961e94aac7030a6343c157, type: 3}
      propertyPath: m_RootOrder
      value: 5
      objectReference: {fileID: 0}
    - target: {fileID: 4733297365927674, guid: c422904f3f961e94aac7030a6343c157, type: 3}
      propertyPath: m_LocalPosition.x
      value: 5
      objectReference: {fileID: 0}
    - target: {fileID: 4733297365927674, guid: c422904f3f961e94aac7030a6343c157, type: 3}
      propertyPath: m_LocalPosition.y
      value: 0
      objectReference: {fileID: 0}
    - target: {fileID: 4733297365927674, guid: c422904f3f961e94aac7030a6343c157, type: 3}
      propertyPath: m_LocalPosition.z
      value: 5
      objectReference: {fileID: 0}
    - target: {fileID: 4733297365927674, guid: c422904f3f961e94aac7030a6343c157, type: 3}
      propertyPath: m_LocalRotation.w
      value: 0.7071068
      objectReference: {fileID: 0}
    - target: {fileID: 4733297365927674, guid: c422904f3f961e94aac7030a6343c157, type: 3}
      propertyPath: m_LocalRotation.x
      value: -0
      objectReference: {fileID: 0}
    - target: {fileID: 4733297365927674, guid: c422904f3f961e94aac7030a6343c157, type: 3}
      propertyPath: m_LocalRotation.y
      value: 0.7071068
      objectReference: {fileID: 0}
    - target: {fileID: 4733297365927674, guid: c422904f3f961e94aac7030a6343c157, type: 3}
      propertyPath: m_LocalRotation.z
      value: -0
      objectReference: {fileID: 0}
    - target: {fileID: 4733297365927674, guid: c422904f3f961e94aac7030a6343c157, type: 3}
      propertyPath: m_LocalEulerAnglesHint.x
      value: 0
      objectReference: {fileID: 0}
    - target: {fileID: 4733297365927674, guid: c422904f3f961e94aac7030a6343c157, type: 3}
      propertyPath: m_LocalEulerAnglesHint.y
      value: 90
      objectReference: {fileID: 0}
    - target: {fileID: 4733297365927674, guid: c422904f3f961e94aac7030a6343c157, type: 3}
      propertyPath: m_LocalEulerAnglesHint.z
      value: 0
      objectReference: {fileID: 0}
    m_RemovedComponents: []
  m_SourcePrefab: {fileID: 100100000, guid: c422904f3f961e94aac7030a6343c157, type: 3}
--- !u!4 &8529511793895185267 stripped
Transform:
  m_CorrespondingSourceObject: {fileID: 4733297365927674, guid: c422904f3f961e94aac7030a6343c157, type: 3}
  m_PrefabInstance: {fileID: 8524813961420103049}
  m_PrefabAsset: {fileID: 0}
--- !u!1001 &8926613983710361754
PrefabInstance:
  m_ObjectHideFlags: 0
  serializedVersion: 2
  m_Modification:
    m_TransformParent: {fileID: 7534864484273226527}
    m_Modifications:
    - target: {fileID: 1089632392375526, guid: c422904f3f961e94aac7030a6343c157, type: 3}
      propertyPath: m_Name
      value: SM_Bld_Wall_01_Alt (8)
      objectReference: {fileID: 0}
    - target: {fileID: 4733297365927674, guid: c422904f3f961e94aac7030a6343c157, type: 3}
      propertyPath: m_RootOrder
      value: 4
      objectReference: {fileID: 0}
    - target: {fileID: 4733297365927674, guid: c422904f3f961e94aac7030a6343c157, type: 3}
      propertyPath: m_LocalPosition.x
      value: 5
      objectReference: {fileID: 0}
    - target: {fileID: 4733297365927674, guid: c422904f3f961e94aac7030a6343c157, type: 3}
      propertyPath: m_LocalPosition.y
      value: 0
      objectReference: {fileID: 0}
    - target: {fileID: 4733297365927674, guid: c422904f3f961e94aac7030a6343c157, type: 3}
      propertyPath: m_LocalPosition.z
      value: 0
      objectReference: {fileID: 0}
    - target: {fileID: 4733297365927674, guid: c422904f3f961e94aac7030a6343c157, type: 3}
      propertyPath: m_LocalRotation.w
      value: 0.7071068
      objectReference: {fileID: 0}
    - target: {fileID: 4733297365927674, guid: c422904f3f961e94aac7030a6343c157, type: 3}
      propertyPath: m_LocalRotation.x
      value: -0
      objectReference: {fileID: 0}
    - target: {fileID: 4733297365927674, guid: c422904f3f961e94aac7030a6343c157, type: 3}
      propertyPath: m_LocalRotation.y
      value: 0.7071068
      objectReference: {fileID: 0}
    - target: {fileID: 4733297365927674, guid: c422904f3f961e94aac7030a6343c157, type: 3}
      propertyPath: m_LocalRotation.z
      value: -0
      objectReference: {fileID: 0}
    - target: {fileID: 4733297365927674, guid: c422904f3f961e94aac7030a6343c157, type: 3}
      propertyPath: m_LocalEulerAnglesHint.x
      value: 0
      objectReference: {fileID: 0}
    - target: {fileID: 4733297365927674, guid: c422904f3f961e94aac7030a6343c157, type: 3}
      propertyPath: m_LocalEulerAnglesHint.y
      value: 90
      objectReference: {fileID: 0}
    - target: {fileID: 4733297365927674, guid: c422904f3f961e94aac7030a6343c157, type: 3}
      propertyPath: m_LocalEulerAnglesHint.z
      value: 0
      objectReference: {fileID: 0}
    m_RemovedComponents: []
  m_SourcePrefab: {fileID: 100100000, guid: c422904f3f961e94aac7030a6343c157, type: 3}
--- !u!4 &8931030551663214176 stripped
Transform:
  m_CorrespondingSourceObject: {fileID: 4733297365927674, guid: c422904f3f961e94aac7030a6343c157, type: 3}
  m_PrefabInstance: {fileID: 8926613983710361754}
  m_PrefabAsset: {fileID: 0}
