%YAML 1.1
%TAG !u! tag:unity3d.com,2011:
--- !u!114 &5662997998405209811
MonoBehaviour:
  m_ObjectHideFlags: 0
  m_CorrespondingSourceObject: {fileID: 0}
  m_PrefabInstance: {fileID: 0}
  m_PrefabAsset: {fileID: 0}
  m_GameObject: {fileID: 4989400068073501063}
  m_Enabled: 1
  m_EditorHideFlags: 0
  m_Script: {fileID: 11500000, guid: 8db5c0bf93b83dc46822a4a32af53ca1, type: 3}
  m_Name: 
  m_EditorClassIdentifier: 
  doUpdate: 1
  triggerActive: 0
  isInteracting: 0
  playerMouvement: {fileID: 0}
  interactionText: Press E to see the screen
  interactionWindow: {fileID: 6424721837031192313}
  interactionMessage: {fileID: 7324135399037311698}
  interactionAgentPanel: {fileID: 0}
  interactionWindowAnimator: {fileID: 3179778701112697409}
  cryptedWindow: {fileID: 129916510967352856}
  crypted: 1
  cryptedText: Press E to try to decrypt
  newCursor: {fileID: 2800000, guid: f52bb0c6cb64fa04b89cade3028436b3, type: 3}
  button1: {fileID: 342107964798473373}
  button2: {fileID: 5573793550769314658}
  button3: {fileID: 4471492648692944009}
  cryptedAnimator: {fileID: 1654095535569503480}
  wwiseEventSuccesGame:
    idInternal: 0
    valueGuidInternal: 
    WwiseObjectReference: {fileID: 11400000, guid: 3cfd82f39d87b0c49afff4398129722a, type: 2}
  wwiseEventFailGame:
    idInternal: 0
    valueGuidInternal: 
    WwiseObjectReference: {fileID: 11400000, guid: 2c17a889cb546b044a074763dcecacbc, type: 2}
  gameplayState:
    idInternal: 0
    valueGuidInternal: 
    groupIdInternal: 0
    groupGuidInternal: 
    WwiseObjectReference: {fileID: 11400000, guid: 32250f2088cb7f84ea3416af155b40e9, type: 2}
  borneState:
    idInternal: 0
    valueGuidInternal: 
    groupIdInternal: 0
    groupGuidInternal: 
    WwiseObjectReference: {fileID: 11400000, guid: 936777df6fd3bca4c9ce8d08124cc3a0, type: 2}
  cameraToDeactivate: {fileID: 0}
  wwiseEventDisableLD:
    idInternal: 0
    valueGuidInternal: 
    WwiseObjectReference: {fileID: 11400000, guid: 44b61b28810213740b830eb8cd1aca11, type: 2}
--- !u!114 &1484532297188354794
MonoBehaviour:
  m_ObjectHideFlags: 0
  m_CorrespondingSourceObject: {fileID: 0}
  m_PrefabInstance: {fileID: 0}
  m_PrefabAsset: {fileID: 0}
  m_GameObject: {fileID: 6424721837031192317}
  m_Enabled: 1
  m_EditorHideFlags: 0
  m_Script: {fileID: 11500000, guid: 25a52a86950345344a08c661e13f9a38, type: 3}
  m_Name: 
  m_EditorClassIdentifier: 
  canvasToBeEnable: {fileID: 6424721837031192313}
  wwiseEvent:
    idInternal: 0
    valueGuidInternal: 
    WwiseObjectReference: {fileID: 11400000, guid: 87a4273c08cfe0b4297ae0d8bc9410ce, type: 2}
--- !u!114 &6055498700092195577
MonoBehaviour:
  m_ObjectHideFlags: 0
  m_CorrespondingSourceObject: {fileID: 0}
  m_PrefabInstance: {fileID: 0}
  m_PrefabAsset: {fileID: 0}
  m_GameObject: {fileID: 4082589947582565965}
  m_Enabled: 1
  m_EditorHideFlags: 0
  m_Script: {fileID: 11500000, guid: 25a52a86950345344a08c661e13f9a38, type: 3}
  m_Name: 
  m_EditorClassIdentifier: 
  canvasToBeEnable: {fileID: 129916510967352856}
  wwiseEvent:
    idInternal: 0
    valueGuidInternal: 
    WwiseObjectReference: {fileID: 11400000, guid: 87a4273c08cfe0b4297ae0d8bc9410ce, type: 2}
--- !u!114 &5906289911988092050
MonoBehaviour:
  m_ObjectHideFlags: 0
  m_CorrespondingSourceObject: {fileID: 0}
  m_PrefabInstance: {fileID: 0}
  m_PrefabAsset: {fileID: 0}
  m_GameObject: {fileID: 1049424933055103979}
  m_Enabled: 1
  m_EditorHideFlags: 0
  m_Script: {fileID: 11500000, guid: 96435f00d898cc94eb16209dad3b2b3e, type: 3}
  m_Name: 
  m_EditorClassIdentifier: 
  wwiseEvent:
    idInternal: 0
    valueGuidInternal: 
    WwiseObjectReference: {fileID: 11400000, guid: 07e8002dac5af054c819c88c8fb46bec, type: 2}
--- !u!114 &2542243750396982685
MonoBehaviour:
  m_ObjectHideFlags: 0
  m_CorrespondingSourceObject: {fileID: 0}
  m_PrefabInstance: {fileID: 0}
  m_PrefabAsset: {fileID: 0}
  m_GameObject: {fileID: 5149075345888168980}
  m_Enabled: 1
  m_EditorHideFlags: 0
  m_Script: {fileID: 11500000, guid: 96435f00d898cc94eb16209dad3b2b3e, type: 3}
  m_Name: 
  m_EditorClassIdentifier: 
  wwiseEvent:
    idInternal: 0
    valueGuidInternal: 
    WwiseObjectReference: {fileID: 11400000, guid: 07e8002dac5af054c819c88c8fb46bec, type: 2}
--- !u!114 &5879763723090332217
MonoBehaviour:
  m_ObjectHideFlags: 0
  m_CorrespondingSourceObject: {fileID: 0}
  m_PrefabInstance: {fileID: 0}
  m_PrefabAsset: {fileID: 0}
  m_GameObject: {fileID: 3756786953572850687}
  m_Enabled: 1
  m_EditorHideFlags: 0
  m_Script: {fileID: 11500000, guid: 96435f00d898cc94eb16209dad3b2b3e, type: 3}
  m_Name: 
  m_EditorClassIdentifier: 
  wwiseEvent:
    idInternal: 0
    valueGuidInternal: 
    WwiseObjectReference: {fileID: 11400000, guid: 07e8002dac5af054c819c88c8fb46bec, type: 2}
--- !u!1001 &2933999829059836109
PrefabInstance:
  m_ObjectHideFlags: 0
  serializedVersion: 2
  m_Modification:
    m_TransformParent: {fileID: 0}
    m_Modifications:
    - target: {fileID: 97255606111185640, guid: 640b4a2b9d592ab4fb1bf2bc6e80bb5d, type: 3}
      propertyPath: m_AnchorMax.y
      value: 0
      objectReference: {fileID: 0}
    - target: {fileID: 97255606111185640, guid: 640b4a2b9d592ab4fb1bf2bc6e80bb5d, type: 3}
      propertyPath: m_AnchorMin.y
      value: 0
      objectReference: {fileID: 0}
    - target: {fileID: 97255606111185640, guid: 640b4a2b9d592ab4fb1bf2bc6e80bb5d, type: 3}
      propertyPath: m_AnchoredPosition.x
      value: 0
      objectReference: {fileID: 0}
    - target: {fileID: 97255606111185640, guid: 640b4a2b9d592ab4fb1bf2bc6e80bb5d, type: 3}
      propertyPath: m_AnchoredPosition.y
      value: 0
      objectReference: {fileID: 0}
    - target: {fileID: 177059503785198216, guid: 640b4a2b9d592ab4fb1bf2bc6e80bb5d, type: 3}
      propertyPath: m_OnClick.m_PersistentCalls.m_Calls.Array.data[0].m_Target
      value: 
      objectReference: {fileID: 5662997998405209811}
    - target: {fileID: 177059503785198216, guid: 640b4a2b9d592ab4fb1bf2bc6e80bb5d, type: 3}
      propertyPath: m_OnClick.m_PersistentCalls.m_Calls.Array.data[0].m_MethodName
      value: EndInteraction
      objectReference: {fileID: 0}
    - target: {fileID: 254847249937175931, guid: 640b4a2b9d592ab4fb1bf2bc6e80bb5d, type: 3}
      propertyPath: m_Text
      value: " 0 : ArrowDown\r\n 1 : ArrowLeft\r\n 2 : ArrowRight\r\n 3 : ArrowUp\r\n4
        : Bee\r\n 5 : Checkmark\r\n 6 : Hotdog\r\n 7 : RedCross\r\n 8 : Stop\r\n9
        : Warning"
      objectReference: {fileID: 0}
    - target: {fileID: 400549572387497527, guid: 640b4a2b9d592ab4fb1bf2bc6e80bb5d, type: 3}
      propertyPath: m_AnchorMax.y
      value: 0
      objectReference: {fileID: 0}
    - target: {fileID: 400549572387497527, guid: 640b4a2b9d592ab4fb1bf2bc6e80bb5d, type: 3}
      propertyPath: m_AnchorMin.y
      value: 0
      objectReference: {fileID: 0}
    - target: {fileID: 400549572387497527, guid: 640b4a2b9d592ab4fb1bf2bc6e80bb5d, type: 3}
      propertyPath: m_AnchoredPosition.x
      value: 0
      objectReference: {fileID: 0}
    - target: {fileID: 400549572387497527, guid: 640b4a2b9d592ab4fb1bf2bc6e80bb5d, type: 3}
      propertyPath: m_AnchoredPosition.y
      value: 0
      objectReference: {fileID: 0}
    - target: {fileID: 408947339604937363, guid: 640b4a2b9d592ab4fb1bf2bc6e80bb5d, type: 3}
      propertyPath: m_AnchorMax.y
      value: 0
      objectReference: {fileID: 0}
    - target: {fileID: 408947339604937363, guid: 640b4a2b9d592ab4fb1bf2bc6e80bb5d, type: 3}
      propertyPath: m_AnchorMin.y
      value: 0
      objectReference: {fileID: 0}
    - target: {fileID: 408947339604937363, guid: 640b4a2b9d592ab4fb1bf2bc6e80bb5d, type: 3}
      propertyPath: m_AnchoredPosition.y
      value: 0
      objectReference: {fileID: 0}
    - target: {fileID: 527643703740379987, guid: 640b4a2b9d592ab4fb1bf2bc6e80bb5d, type: 3}
      propertyPath: m_AnchorMax.y
      value: 0
      objectReference: {fileID: 0}
    - target: {fileID: 527643703740379987, guid: 640b4a2b9d592ab4fb1bf2bc6e80bb5d, type: 3}
      propertyPath: m_AnchorMin.y
      value: 0
      objectReference: {fileID: 0}
    - target: {fileID: 527643703740379987, guid: 640b4a2b9d592ab4fb1bf2bc6e80bb5d, type: 3}
      propertyPath: m_AnchoredPosition.x
      value: 0
      objectReference: {fileID: 0}
    - target: {fileID: 527643703740379987, guid: 640b4a2b9d592ab4fb1bf2bc6e80bb5d, type: 3}
      propertyPath: m_AnchoredPosition.y
      value: 0
      objectReference: {fileID: 0}
    - target: {fileID: 599188841828335657, guid: 640b4a2b9d592ab4fb1bf2bc6e80bb5d, type: 3}
      propertyPath: m_AnchorMax.y
      value: 0
      objectReference: {fileID: 0}
    - target: {fileID: 599188841828335657, guid: 640b4a2b9d592ab4fb1bf2bc6e80bb5d, type: 3}
      propertyPath: m_AnchorMin.y
      value: 0
      objectReference: {fileID: 0}
    - target: {fileID: 599188841828335657, guid: 640b4a2b9d592ab4fb1bf2bc6e80bb5d, type: 3}
      propertyPath: m_AnchoredPosition.x
      value: 0
      objectReference: {fileID: 0}
    - target: {fileID: 599188841828335657, guid: 640b4a2b9d592ab4fb1bf2bc6e80bb5d, type: 3}
      propertyPath: m_AnchoredPosition.y
      value: 0
      objectReference: {fileID: 0}
    - target: {fileID: 1040191193539906959, guid: 640b4a2b9d592ab4fb1bf2bc6e80bb5d, type: 3}
      propertyPath: m_AnchorMax.y
      value: 0
      objectReference: {fileID: 0}
    - target: {fileID: 1040191193539906959, guid: 640b4a2b9d592ab4fb1bf2bc6e80bb5d, type: 3}
      propertyPath: m_AnchorMin.y
      value: 0
      objectReference: {fileID: 0}
    - target: {fileID: 1040191193539906959, guid: 640b4a2b9d592ab4fb1bf2bc6e80bb5d, type: 3}
      propertyPath: m_AnchoredPosition.x
      value: 0
      objectReference: {fileID: 0}
    - target: {fileID: 1040191193539906959, guid: 640b4a2b9d592ab4fb1bf2bc6e80bb5d, type: 3}
      propertyPath: m_AnchoredPosition.y
      value: 0
      objectReference: {fileID: 0}
    - target: {fileID: 1187196824820073662, guid: 640b4a2b9d592ab4fb1bf2bc6e80bb5d, type: 3}
      propertyPath: m_AnchorMax.y
      value: 0
      objectReference: {fileID: 0}
    - target: {fileID: 1187196824820073662, guid: 640b4a2b9d592ab4fb1bf2bc6e80bb5d, type: 3}
      propertyPath: m_AnchorMin.y
      value: 0
      objectReference: {fileID: 0}
    - target: {fileID: 1187196824820073662, guid: 640b4a2b9d592ab4fb1bf2bc6e80bb5d, type: 3}
      propertyPath: m_AnchoredPosition.x
      value: 0
      objectReference: {fileID: 0}
    - target: {fileID: 1187196824820073662, guid: 640b4a2b9d592ab4fb1bf2bc6e80bb5d, type: 3}
      propertyPath: m_AnchoredPosition.y
      value: 0
      objectReference: {fileID: 0}
    - target: {fileID: 1254602190350345971, guid: 640b4a2b9d592ab4fb1bf2bc6e80bb5d, type: 3}
      propertyPath: m_AnchorMax.y
      value: 0
      objectReference: {fileID: 0}
    - target: {fileID: 1254602190350345971, guid: 640b4a2b9d592ab4fb1bf2bc6e80bb5d, type: 3}
      propertyPath: m_AnchorMin.y
      value: 0
      objectReference: {fileID: 0}
    - target: {fileID: 1254602190350345971, guid: 640b4a2b9d592ab4fb1bf2bc6e80bb5d, type: 3}
      propertyPath: m_AnchoredPosition.x
      value: 0
      objectReference: {fileID: 0}
    - target: {fileID: 1254602190350345971, guid: 640b4a2b9d592ab4fb1bf2bc6e80bb5d, type: 3}
      propertyPath: m_AnchoredPosition.y
      value: 0
      objectReference: {fileID: 0}
    - target: {fileID: 1270232995450479229, guid: 640b4a2b9d592ab4fb1bf2bc6e80bb5d, type: 3}
      propertyPath: m_AnchorMax.y
      value: 0
      objectReference: {fileID: 0}
    - target: {fileID: 1270232995450479229, guid: 640b4a2b9d592ab4fb1bf2bc6e80bb5d, type: 3}
      propertyPath: m_AnchorMin.y
      value: 0
      objectReference: {fileID: 0}
    - target: {fileID: 1270232995450479229, guid: 640b4a2b9d592ab4fb1bf2bc6e80bb5d, type: 3}
      propertyPath: m_AnchoredPosition.x
      value: 0
      objectReference: {fileID: 0}
    - target: {fileID: 1270232995450479229, guid: 640b4a2b9d592ab4fb1bf2bc6e80bb5d, type: 3}
      propertyPath: m_AnchoredPosition.y
      value: 0
      objectReference: {fileID: 0}
    - target: {fileID: 1281283627647851631, guid: 640b4a2b9d592ab4fb1bf2bc6e80bb5d, type: 3}
      propertyPath: m_RootOrder
      value: 3
      objectReference: {fileID: 0}
    - target: {fileID: 1447248110450329446, guid: 640b4a2b9d592ab4fb1bf2bc6e80bb5d, type: 3}
      propertyPath: m_AnchorMax.y
      value: 0
      objectReference: {fileID: 0}
    - target: {fileID: 1447248110450329446, guid: 640b4a2b9d592ab4fb1bf2bc6e80bb5d, type: 3}
      propertyPath: m_AnchorMin.y
      value: 0
      objectReference: {fileID: 0}
    - target: {fileID: 1447248110450329446, guid: 640b4a2b9d592ab4fb1bf2bc6e80bb5d, type: 3}
      propertyPath: m_AnchoredPosition.x
      value: 0
      objectReference: {fileID: 0}
    - target: {fileID: 1447248110450329446, guid: 640b4a2b9d592ab4fb1bf2bc6e80bb5d, type: 3}
      propertyPath: m_AnchoredPosition.y
      value: 0
      objectReference: {fileID: 0}
    - target: {fileID: 1468094421481530663, guid: 640b4a2b9d592ab4fb1bf2bc6e80bb5d, type: 3}
      propertyPath: m_AnchorMax.y
      value: 0
      objectReference: {fileID: 0}
    - target: {fileID: 1468094421481530663, guid: 640b4a2b9d592ab4fb1bf2bc6e80bb5d, type: 3}
      propertyPath: m_AnchorMin.y
      value: 0
      objectReference: {fileID: 0}
    - target: {fileID: 1468094421481530663, guid: 640b4a2b9d592ab4fb1bf2bc6e80bb5d, type: 3}
      propertyPath: m_AnchoredPosition.x
      value: 0
      objectReference: {fileID: 0}
    - target: {fileID: 1468094421481530663, guid: 640b4a2b9d592ab4fb1bf2bc6e80bb5d, type: 3}
      propertyPath: m_AnchoredPosition.y
      value: 0
      objectReference: {fileID: 0}
    - target: {fileID: 1594717798033170761, guid: 640b4a2b9d592ab4fb1bf2bc6e80bb5d, type: 3}
      propertyPath: m_OnClick.m_PersistentCalls.m_Calls.Array.size
      value: 2
      objectReference: {fileID: 0}
    - target: {fileID: 1594717798033170761, guid: 640b4a2b9d592ab4fb1bf2bc6e80bb5d, type: 3}
      propertyPath: m_OnClick.m_PersistentCalls.m_Calls.Array.data[1].m_Mode
      value: 1
      objectReference: {fileID: 0}
    - target: {fileID: 1594717798033170761, guid: 640b4a2b9d592ab4fb1bf2bc6e80bb5d, type: 3}
      propertyPath: m_OnClick.m_PersistentCalls.m_Calls.Array.data[1].m_Target
      value: 
      objectReference: {fileID: 5879763723090332217}
    - target: {fileID: 1594717798033170761, guid: 640b4a2b9d592ab4fb1bf2bc6e80bb5d, type: 3}
      propertyPath: m_OnClick.m_PersistentCalls.m_Calls.Array.data[1].m_CallState
      value: 2
      objectReference: {fileID: 0}
    - target: {fileID: 1594717798033170761, guid: 640b4a2b9d592ab4fb1bf2bc6e80bb5d, type: 3}
      propertyPath: m_OnClick.m_PersistentCalls.m_Calls.Array.data[1].m_MethodName
      value: PlayTheEvent
      objectReference: {fileID: 0}
    - target: {fileID: 1594717798033170761, guid: 640b4a2b9d592ab4fb1bf2bc6e80bb5d, type: 3}
      propertyPath: m_OnClick.m_PersistentCalls.m_Calls.Array.data[1].m_TargetAssemblyTypeName
      value: PlayByButton, Assembly-CSharp
      objectReference: {fileID: 0}
    - target: {fileID: 1594717798033170761, guid: 640b4a2b9d592ab4fb1bf2bc6e80bb5d, type: 3}
      propertyPath: m_OnClick.m_PersistentCalls.m_Calls.Array.data[1].m_Arguments.m_ObjectArgumentAssemblyTypeName
      value: UnityEngine.Object, UnityEngine
      objectReference: {fileID: 0}
    - target: {fileID: 1628286635707482094, guid: 640b4a2b9d592ab4fb1bf2bc6e80bb5d, type: 3}
      propertyPath: m_AnchorMax.y
      value: 0
      objectReference: {fileID: 0}
    - target: {fileID: 1628286635707482094, guid: 640b4a2b9d592ab4fb1bf2bc6e80bb5d, type: 3}
      propertyPath: m_AnchorMin.y
      value: 0
      objectReference: {fileID: 0}
    - target: {fileID: 1628286635707482094, guid: 640b4a2b9d592ab4fb1bf2bc6e80bb5d, type: 3}
      propertyPath: m_AnchoredPosition.x
      value: 0
      objectReference: {fileID: 0}
    - target: {fileID: 1628286635707482094, guid: 640b4a2b9d592ab4fb1bf2bc6e80bb5d, type: 3}
      propertyPath: m_AnchoredPosition.y
      value: 0
      objectReference: {fileID: 0}
    - target: {fileID: 1853114513825247648, guid: 640b4a2b9d592ab4fb1bf2bc6e80bb5d, type: 3}
      propertyPath: m_AnchorMax.y
      value: 0
      objectReference: {fileID: 0}
    - target: {fileID: 1853114513825247648, guid: 640b4a2b9d592ab4fb1bf2bc6e80bb5d, type: 3}
      propertyPath: m_AnchorMin.y
      value: 0
      objectReference: {fileID: 0}
    - target: {fileID: 1853114513825247648, guid: 640b4a2b9d592ab4fb1bf2bc6e80bb5d, type: 3}
      propertyPath: m_AnchoredPosition.x
      value: 0
      objectReference: {fileID: 0}
    - target: {fileID: 1853114513825247648, guid: 640b4a2b9d592ab4fb1bf2bc6e80bb5d, type: 3}
      propertyPath: m_AnchoredPosition.y
      value: 0
      objectReference: {fileID: 0}
    - target: {fileID: 1884825179635109967, guid: 640b4a2b9d592ab4fb1bf2bc6e80bb5d, type: 3}
      propertyPath: m_AnchorMax.y
      value: 0
      objectReference: {fileID: 0}
    - target: {fileID: 1884825179635109967, guid: 640b4a2b9d592ab4fb1bf2bc6e80bb5d, type: 3}
      propertyPath: m_AnchorMin.y
      value: 0
      objectReference: {fileID: 0}
    - target: {fileID: 1884825179635109967, guid: 640b4a2b9d592ab4fb1bf2bc6e80bb5d, type: 3}
      propertyPath: m_AnchoredPosition.x
      value: 0
      objectReference: {fileID: 0}
    - target: {fileID: 1884825179635109967, guid: 640b4a2b9d592ab4fb1bf2bc6e80bb5d, type: 3}
      propertyPath: m_AnchoredPosition.y
      value: 0
      objectReference: {fileID: 0}
    - target: {fileID: 2146678357217855813, guid: 640b4a2b9d592ab4fb1bf2bc6e80bb5d, type: 3}
      propertyPath: m_Layer
      value: 6
      objectReference: {fileID: 0}
    - target: {fileID: 2179943564337180204, guid: 640b4a2b9d592ab4fb1bf2bc6e80bb5d, type: 3}
      propertyPath: m_AnchorMax.y
      value: 0
      objectReference: {fileID: 0}
    - target: {fileID: 2179943564337180204, guid: 640b4a2b9d592ab4fb1bf2bc6e80bb5d, type: 3}
      propertyPath: m_AnchorMin.y
      value: 0
      objectReference: {fileID: 0}
    - target: {fileID: 2179943564337180204, guid: 640b4a2b9d592ab4fb1bf2bc6e80bb5d, type: 3}
      propertyPath: m_AnchoredPosition.y
      value: 0
      objectReference: {fileID: 0}
    - target: {fileID: 2363174743273848961, guid: 640b4a2b9d592ab4fb1bf2bc6e80bb5d, type: 3}
      propertyPath: terminal
      value: 
      objectReference: {fileID: 5662997998405209811}
    - target: {fileID: 2475907394325926056, guid: 640b4a2b9d592ab4fb1bf2bc6e80bb5d, type: 3}
      propertyPath: m_Text
      value: 'system disabled

'
      objectReference: {fileID: 0}
    - target: {fileID: 2475907394325926056, guid: 640b4a2b9d592ab4fb1bf2bc6e80bb5d, type: 3}
      propertyPath: m_FontData.m_FontSize
      value: 200
      objectReference: {fileID: 0}
    - target: {fileID: 2662243801788020280, guid: 640b4a2b9d592ab4fb1bf2bc6e80bb5d, type: 3}
      propertyPath: m_AnchorMax.y
      value: 0
      objectReference: {fileID: 0}
    - target: {fileID: 2662243801788020280, guid: 640b4a2b9d592ab4fb1bf2bc6e80bb5d, type: 3}
      propertyPath: m_AnchorMin.y
      value: 0
      objectReference: {fileID: 0}
    - target: {fileID: 2662243801788020280, guid: 640b4a2b9d592ab4fb1bf2bc6e80bb5d, type: 3}
      propertyPath: m_AnchoredPosition.y
      value: 0
      objectReference: {fileID: 0}
    - target: {fileID: 2847702759404017672, guid: 640b4a2b9d592ab4fb1bf2bc6e80bb5d, type: 3}
      propertyPath: m_AnchorMax.y
      value: 0
      objectReference: {fileID: 0}
    - target: {fileID: 2847702759404017672, guid: 640b4a2b9d592ab4fb1bf2bc6e80bb5d, type: 3}
      propertyPath: m_AnchorMin.y
      value: 0
      objectReference: {fileID: 0}
    - target: {fileID: 2847702759404017672, guid: 640b4a2b9d592ab4fb1bf2bc6e80bb5d, type: 3}
      propertyPath: m_AnchoredPosition.y
      value: 0
      objectReference: {fileID: 0}
    - target: {fileID: 2988744374533347029, guid: 640b4a2b9d592ab4fb1bf2bc6e80bb5d, type: 3}
      propertyPath: m_Enabled
      value: 0
      objectReference: {fileID: 0}
    - target: {fileID: 3159321110994017778, guid: 640b4a2b9d592ab4fb1bf2bc6e80bb5d, type: 3}
      propertyPath: m_AnchorMax.y
      value: 0
      objectReference: {fileID: 0}
    - target: {fileID: 3159321110994017778, guid: 640b4a2b9d592ab4fb1bf2bc6e80bb5d, type: 3}
      propertyPath: m_AnchorMin.y
      value: 0
      objectReference: {fileID: 0}
    - target: {fileID: 3159321110994017778, guid: 640b4a2b9d592ab4fb1bf2bc6e80bb5d, type: 3}
      propertyPath: m_AnchoredPosition.x
      value: 0
      objectReference: {fileID: 0}
    - target: {fileID: 3159321110994017778, guid: 640b4a2b9d592ab4fb1bf2bc6e80bb5d, type: 3}
      propertyPath: m_AnchoredPosition.y
      value: 0
      objectReference: {fileID: 0}
    - target: {fileID: 3570287148376561921, guid: 640b4a2b9d592ab4fb1bf2bc6e80bb5d, type: 3}
      propertyPath: m_AnchorMax.y
      value: 0
      objectReference: {fileID: 0}
    - target: {fileID: 3570287148376561921, guid: 640b4a2b9d592ab4fb1bf2bc6e80bb5d, type: 3}
      propertyPath: m_AnchorMin.y
      value: 0
      objectReference: {fileID: 0}
    - target: {fileID: 3570287148376561921, guid: 640b4a2b9d592ab4fb1bf2bc6e80bb5d, type: 3}
      propertyPath: m_AnchoredPosition.x
      value: 0
      objectReference: {fileID: 0}
    - target: {fileID: 3570287148376561921, guid: 640b4a2b9d592ab4fb1bf2bc6e80bb5d, type: 3}
      propertyPath: m_AnchoredPosition.y
      value: 0
      objectReference: {fileID: 0}
    - target: {fileID: 3811551360549795344, guid: 640b4a2b9d592ab4fb1bf2bc6e80bb5d, type: 3}
      propertyPath: m_LocalRotation.w
      value: 0.92387956
      objectReference: {fileID: 0}
    - target: {fileID: 3811551360549795344, guid: 640b4a2b9d592ab4fb1bf2bc6e80bb5d, type: 3}
      propertyPath: m_LocalRotation.x
      value: 0.38268343
      objectReference: {fileID: 0}
    - target: {fileID: 3811551360549795344, guid: 640b4a2b9d592ab4fb1bf2bc6e80bb5d, type: 3}
      propertyPath: m_LocalRotation.y
      value: 0
      objectReference: {fileID: 0}
    - target: {fileID: 3811551360549795344, guid: 640b4a2b9d592ab4fb1bf2bc6e80bb5d, type: 3}
      propertyPath: m_LocalRotation.z
      value: 0
      objectReference: {fileID: 0}
    - target: {fileID: 3811551360549795344, guid: 640b4a2b9d592ab4fb1bf2bc6e80bb5d, type: 3}
      propertyPath: m_LocalEulerAnglesHint.y
      value: 0
      objectReference: {fileID: 0}
    - target: {fileID: 3948709709081869697, guid: 640b4a2b9d592ab4fb1bf2bc6e80bb5d, type: 3}
      propertyPath: m_AnchorMax.y
      value: 0
      objectReference: {fileID: 0}
    - target: {fileID: 3948709709081869697, guid: 640b4a2b9d592ab4fb1bf2bc6e80bb5d, type: 3}
      propertyPath: m_AnchorMin.y
      value: 0
      objectReference: {fileID: 0}
    - target: {fileID: 3948709709081869697, guid: 640b4a2b9d592ab4fb1bf2bc6e80bb5d, type: 3}
      propertyPath: m_AnchoredPosition.y
      value: 0
      objectReference: {fileID: 0}
    - target: {fileID: 4035774341639537364, guid: 640b4a2b9d592ab4fb1bf2bc6e80bb5d, type: 3}
      propertyPath: m_AnchorMax.y
      value: 0
      objectReference: {fileID: 0}
    - target: {fileID: 4035774341639537364, guid: 640b4a2b9d592ab4fb1bf2bc6e80bb5d, type: 3}
      propertyPath: m_AnchorMin.y
      value: 0
      objectReference: {fileID: 0}
    - target: {fileID: 4035774341639537364, guid: 640b4a2b9d592ab4fb1bf2bc6e80bb5d, type: 3}
      propertyPath: m_AnchoredPosition.x
      value: 0
      objectReference: {fileID: 0}
    - target: {fileID: 4035774341639537364, guid: 640b4a2b9d592ab4fb1bf2bc6e80bb5d, type: 3}
      propertyPath: m_AnchoredPosition.y
      value: 0
      objectReference: {fileID: 0}
    - target: {fileID: 4064284202015731458, guid: 640b4a2b9d592ab4fb1bf2bc6e80bb5d, type: 3}
      propertyPath: m_AnchorMax.y
      value: 0
      objectReference: {fileID: 0}
    - target: {fileID: 4064284202015731458, guid: 640b4a2b9d592ab4fb1bf2bc6e80bb5d, type: 3}
      propertyPath: m_AnchorMin.y
      value: 0
      objectReference: {fileID: 0}
    - target: {fileID: 4064284202015731458, guid: 640b4a2b9d592ab4fb1bf2bc6e80bb5d, type: 3}
      propertyPath: m_AnchoredPosition.x
      value: 0
      objectReference: {fileID: 0}
    - target: {fileID: 4064284202015731458, guid: 640b4a2b9d592ab4fb1bf2bc6e80bb5d, type: 3}
      propertyPath: m_AnchoredPosition.y
      value: 0
      objectReference: {fileID: 0}
    - target: {fileID: 4245278848805132170, guid: 640b4a2b9d592ab4fb1bf2bc6e80bb5d, type: 3}
      propertyPath: m_AnchorMax.y
      value: 0
      objectReference: {fileID: 0}
    - target: {fileID: 4245278848805132170, guid: 640b4a2b9d592ab4fb1bf2bc6e80bb5d, type: 3}
      propertyPath: m_AnchorMin.y
      value: 0
      objectReference: {fileID: 0}
    - target: {fileID: 4245278848805132170, guid: 640b4a2b9d592ab4fb1bf2bc6e80bb5d, type: 3}
      propertyPath: m_AnchoredPosition.x
      value: 0
      objectReference: {fileID: 0}
    - target: {fileID: 4245278848805132170, guid: 640b4a2b9d592ab4fb1bf2bc6e80bb5d, type: 3}
      propertyPath: m_AnchoredPosition.y
      value: 0
      objectReference: {fileID: 0}
    - target: {fileID: 4295968088349729595, guid: 640b4a2b9d592ab4fb1bf2bc6e80bb5d, type: 3}
      propertyPath: m_AnchorMax.y
      value: 0
      objectReference: {fileID: 0}
    - target: {fileID: 4295968088349729595, guid: 640b4a2b9d592ab4fb1bf2bc6e80bb5d, type: 3}
      propertyPath: m_AnchorMin.y
      value: 0
      objectReference: {fileID: 0}
    - target: {fileID: 4295968088349729595, guid: 640b4a2b9d592ab4fb1bf2bc6e80bb5d, type: 3}
      propertyPath: m_AnchoredPosition.x
      value: 0
      objectReference: {fileID: 0}
    - target: {fileID: 4295968088349729595, guid: 640b4a2b9d592ab4fb1bf2bc6e80bb5d, type: 3}
      propertyPath: m_AnchoredPosition.y
      value: 0
      objectReference: {fileID: 0}
    - target: {fileID: 4317547740932616956, guid: 640b4a2b9d592ab4fb1bf2bc6e80bb5d, type: 3}
      propertyPath: m_AnchorMax.y
      value: 0
      objectReference: {fileID: 0}
    - target: {fileID: 4317547740932616956, guid: 640b4a2b9d592ab4fb1bf2bc6e80bb5d, type: 3}
      propertyPath: m_AnchorMin.y
      value: 0
      objectReference: {fileID: 0}
    - target: {fileID: 4317547740932616956, guid: 640b4a2b9d592ab4fb1bf2bc6e80bb5d, type: 3}
      propertyPath: m_AnchoredPosition.x
      value: 0
      objectReference: {fileID: 0}
    - target: {fileID: 4317547740932616956, guid: 640b4a2b9d592ab4fb1bf2bc6e80bb5d, type: 3}
      propertyPath: m_AnchoredPosition.y
      value: 0
      objectReference: {fileID: 0}
    - target: {fileID: 4326641715445312730, guid: 640b4a2b9d592ab4fb1bf2bc6e80bb5d, type: 3}
      propertyPath: m_AnchorMax.y
      value: 0
      objectReference: {fileID: 0}
    - target: {fileID: 4326641715445312730, guid: 640b4a2b9d592ab4fb1bf2bc6e80bb5d, type: 3}
      propertyPath: m_AnchorMin.y
      value: 0
      objectReference: {fileID: 0}
    - target: {fileID: 4326641715445312730, guid: 640b4a2b9d592ab4fb1bf2bc6e80bb5d, type: 3}
      propertyPath: m_AnchoredPosition.x
      value: 0
      objectReference: {fileID: 0}
    - target: {fileID: 4326641715445312730, guid: 640b4a2b9d592ab4fb1bf2bc6e80bb5d, type: 3}
      propertyPath: m_AnchoredPosition.y
      value: 0
      objectReference: {fileID: 0}
    - target: {fileID: 4903910996004643569, guid: 640b4a2b9d592ab4fb1bf2bc6e80bb5d, type: 3}
      propertyPath: m_AnchorMax.y
      value: 0
      objectReference: {fileID: 0}
    - target: {fileID: 4903910996004643569, guid: 640b4a2b9d592ab4fb1bf2bc6e80bb5d, type: 3}
      propertyPath: m_AnchorMin.y
      value: 0
      objectReference: {fileID: 0}
    - target: {fileID: 4903910996004643569, guid: 640b4a2b9d592ab4fb1bf2bc6e80bb5d, type: 3}
      propertyPath: m_AnchoredPosition.x
      value: 0
      objectReference: {fileID: 0}
    - target: {fileID: 4903910996004643569, guid: 640b4a2b9d592ab4fb1bf2bc6e80bb5d, type: 3}
      propertyPath: m_AnchoredPosition.y
      value: 0
      objectReference: {fileID: 0}
    - target: {fileID: 5015703646212401770, guid: 640b4a2b9d592ab4fb1bf2bc6e80bb5d, type: 3}
      propertyPath: m_AnchorMax.y
      value: 0
      objectReference: {fileID: 0}
    - target: {fileID: 5015703646212401770, guid: 640b4a2b9d592ab4fb1bf2bc6e80bb5d, type: 3}
      propertyPath: m_AnchorMin.y
      value: 0
      objectReference: {fileID: 0}
    - target: {fileID: 5015703646212401770, guid: 640b4a2b9d592ab4fb1bf2bc6e80bb5d, type: 3}
      propertyPath: m_AnchoredPosition.y
      value: 0
      objectReference: {fileID: 0}
    - target: {fileID: 5146958924769750828, guid: 640b4a2b9d592ab4fb1bf2bc6e80bb5d, type: 3}
      propertyPath: m_AnchorMax.y
      value: 0
      objectReference: {fileID: 0}
    - target: {fileID: 5146958924769750828, guid: 640b4a2b9d592ab4fb1bf2bc6e80bb5d, type: 3}
      propertyPath: m_AnchorMin.y
      value: 0
      objectReference: {fileID: 0}
    - target: {fileID: 5146958924769750828, guid: 640b4a2b9d592ab4fb1bf2bc6e80bb5d, type: 3}
      propertyPath: m_AnchoredPosition.x
      value: 0
      objectReference: {fileID: 0}
    - target: {fileID: 5146958924769750828, guid: 640b4a2b9d592ab4fb1bf2bc6e80bb5d, type: 3}
      propertyPath: m_AnchoredPosition.y
      value: 0
      objectReference: {fileID: 0}
    - target: {fileID: 5219537740991405142, guid: 640b4a2b9d592ab4fb1bf2bc6e80bb5d, type: 3}
      propertyPath: m_AnchorMax.y
      value: 0
      objectReference: {fileID: 0}
    - target: {fileID: 5219537740991405142, guid: 640b4a2b9d592ab4fb1bf2bc6e80bb5d, type: 3}
      propertyPath: m_AnchorMin.y
      value: 0
      objectReference: {fileID: 0}
    - target: {fileID: 5219537740991405142, guid: 640b4a2b9d592ab4fb1bf2bc6e80bb5d, type: 3}
      propertyPath: m_AnchoredPosition.x
      value: 0
      objectReference: {fileID: 0}
    - target: {fileID: 5219537740991405142, guid: 640b4a2b9d592ab4fb1bf2bc6e80bb5d, type: 3}
      propertyPath: m_AnchoredPosition.y
      value: 0
      objectReference: {fileID: 0}
    - target: {fileID: 5230835913198508691, guid: 640b4a2b9d592ab4fb1bf2bc6e80bb5d, type: 3}
      propertyPath: m_AnchorMax.y
      value: 0
      objectReference: {fileID: 0}
    - target: {fileID: 5230835913198508691, guid: 640b4a2b9d592ab4fb1bf2bc6e80bb5d, type: 3}
      propertyPath: m_AnchorMin.y
      value: 0
      objectReference: {fileID: 0}
    - target: {fileID: 5230835913198508691, guid: 640b4a2b9d592ab4fb1bf2bc6e80bb5d, type: 3}
      propertyPath: m_AnchoredPosition.x
      value: 0
      objectReference: {fileID: 0}
    - target: {fileID: 5230835913198508691, guid: 640b4a2b9d592ab4fb1bf2bc6e80bb5d, type: 3}
      propertyPath: m_AnchoredPosition.y
      value: 0
      objectReference: {fileID: 0}
    - target: {fileID: 5241340735243871511, guid: 640b4a2b9d592ab4fb1bf2bc6e80bb5d, type: 3}
      propertyPath: m_AnchorMax.y
      value: 0
      objectReference: {fileID: 0}
    - target: {fileID: 5241340735243871511, guid: 640b4a2b9d592ab4fb1bf2bc6e80bb5d, type: 3}
      propertyPath: m_AnchorMin.y
      value: 0
      objectReference: {fileID: 0}
    - target: {fileID: 5241340735243871511, guid: 640b4a2b9d592ab4fb1bf2bc6e80bb5d, type: 3}
      propertyPath: m_AnchoredPosition.x
      value: 0
      objectReference: {fileID: 0}
    - target: {fileID: 5241340735243871511, guid: 640b4a2b9d592ab4fb1bf2bc6e80bb5d, type: 3}
      propertyPath: m_AnchoredPosition.y
      value: 0
      objectReference: {fileID: 0}
    - target: {fileID: 5382396915154700594, guid: 640b4a2b9d592ab4fb1bf2bc6e80bb5d, type: 3}
      propertyPath: m_AnchorMax.y
      value: 0
      objectReference: {fileID: 0}
    - target: {fileID: 5382396915154700594, guid: 640b4a2b9d592ab4fb1bf2bc6e80bb5d, type: 3}
      propertyPath: m_AnchorMin.y
      value: 0
      objectReference: {fileID: 0}
    - target: {fileID: 5382396915154700594, guid: 640b4a2b9d592ab4fb1bf2bc6e80bb5d, type: 3}
      propertyPath: m_AnchoredPosition.x
      value: 0
      objectReference: {fileID: 0}
    - target: {fileID: 5382396915154700594, guid: 640b4a2b9d592ab4fb1bf2bc6e80bb5d, type: 3}
      propertyPath: m_AnchoredPosition.y
      value: 0
      objectReference: {fileID: 0}
    - target: {fileID: 5553825764615422495, guid: 640b4a2b9d592ab4fb1bf2bc6e80bb5d, type: 3}
      propertyPath: m_fontSize
      value: 3.65
      objectReference: {fileID: 0}
    - target: {fileID: 5844374088854910038, guid: 640b4a2b9d592ab4fb1bf2bc6e80bb5d, type: 3}
      propertyPath: m_OnClick.m_PersistentCalls.m_Calls.Array.data[0].m_Target
      value: 
      objectReference: {fileID: 5662997998405209811}
    - target: {fileID: 5844374088854910038, guid: 640b4a2b9d592ab4fb1bf2bc6e80bb5d, type: 3}
      propertyPath: m_OnClick.m_PersistentCalls.m_Calls.Array.data[0].m_MethodName
      value: TryDecrypt
      objectReference: {fileID: 0}
    - target: {fileID: 5881428527624414388, guid: 640b4a2b9d592ab4fb1bf2bc6e80bb5d, type: 3}
      propertyPath: m_IsActive
      value: 0
      objectReference: {fileID: 0}
    - target: {fileID: 5963809882285923936, guid: 640b4a2b9d592ab4fb1bf2bc6e80bb5d, type: 3}
      propertyPath: m_AnchorMax.y
      value: 0
      objectReference: {fileID: 0}
    - target: {fileID: 5963809882285923936, guid: 640b4a2b9d592ab4fb1bf2bc6e80bb5d, type: 3}
      propertyPath: m_AnchorMin.y
      value: 0
      objectReference: {fileID: 0}
    - target: {fileID: 5963809882285923936, guid: 640b4a2b9d592ab4fb1bf2bc6e80bb5d, type: 3}
      propertyPath: m_AnchoredPosition.x
      value: 0
      objectReference: {fileID: 0}
    - target: {fileID: 5963809882285923936, guid: 640b4a2b9d592ab4fb1bf2bc6e80bb5d, type: 3}
      propertyPath: m_AnchoredPosition.y
      value: 0
      objectReference: {fileID: 0}
    - target: {fileID: 6024786625742608234, guid: 640b4a2b9d592ab4fb1bf2bc6e80bb5d, type: 3}
      propertyPath: terminal
      value: 
      objectReference: {fileID: 5662997998405209811}
    - target: {fileID: 6315675924409197011, guid: 640b4a2b9d592ab4fb1bf2bc6e80bb5d, type: 3}
      propertyPath: m_AnchorMax.y
      value: 0
      objectReference: {fileID: 0}
    - target: {fileID: 6315675924409197011, guid: 640b4a2b9d592ab4fb1bf2bc6e80bb5d, type: 3}
      propertyPath: m_AnchorMin.y
      value: 0
      objectReference: {fileID: 0}
    - target: {fileID: 6315675924409197011, guid: 640b4a2b9d592ab4fb1bf2bc6e80bb5d, type: 3}
      propertyPath: m_AnchoredPosition.y
      value: 0
      objectReference: {fileID: 0}
    - target: {fileID: 6459783497513898219, guid: 640b4a2b9d592ab4fb1bf2bc6e80bb5d, type: 3}
      propertyPath: m_AnchorMax.y
      value: 0
      objectReference: {fileID: 0}
    - target: {fileID: 6459783497513898219, guid: 640b4a2b9d592ab4fb1bf2bc6e80bb5d, type: 3}
      propertyPath: m_AnchorMin.y
      value: 0
      objectReference: {fileID: 0}
    - target: {fileID: 6459783497513898219, guid: 640b4a2b9d592ab4fb1bf2bc6e80bb5d, type: 3}
      propertyPath: m_AnchoredPosition.x
      value: 0
      objectReference: {fileID: 0}
    - target: {fileID: 6459783497513898219, guid: 640b4a2b9d592ab4fb1bf2bc6e80bb5d, type: 3}
      propertyPath: m_AnchoredPosition.y
      value: 0
      objectReference: {fileID: 0}
    - target: {fileID: 6729648370410936287, guid: 640b4a2b9d592ab4fb1bf2bc6e80bb5d, type: 3}
      propertyPath: m_IsActive
      value: 1
      objectReference: {fileID: 0}
    - target: {fileID: 6797104773484071414, guid: 640b4a2b9d592ab4fb1bf2bc6e80bb5d, type: 3}
      propertyPath: m_AnchorMax.y
      value: 0
      objectReference: {fileID: 0}
    - target: {fileID: 6797104773484071414, guid: 640b4a2b9d592ab4fb1bf2bc6e80bb5d, type: 3}
      propertyPath: m_AnchorMin.y
      value: 0
      objectReference: {fileID: 0}
    - target: {fileID: 6797104773484071414, guid: 640b4a2b9d592ab4fb1bf2bc6e80bb5d, type: 3}
      propertyPath: m_AnchoredPosition.x
      value: 0
      objectReference: {fileID: 0}
    - target: {fileID: 6797104773484071414, guid: 640b4a2b9d592ab4fb1bf2bc6e80bb5d, type: 3}
      propertyPath: m_AnchoredPosition.y
      value: 0
      objectReference: {fileID: 0}
    - target: {fileID: 6817837274939346296, guid: 640b4a2b9d592ab4fb1bf2bc6e80bb5d, type: 3}
      propertyPath: m_AnchorMax.y
      value: 0
      objectReference: {fileID: 0}
    - target: {fileID: 6817837274939346296, guid: 640b4a2b9d592ab4fb1bf2bc6e80bb5d, type: 3}
      propertyPath: m_AnchorMin.y
      value: 0
      objectReference: {fileID: 0}
    - target: {fileID: 6817837274939346296, guid: 640b4a2b9d592ab4fb1bf2bc6e80bb5d, type: 3}
      propertyPath: m_AnchoredPosition.x
      value: 0
      objectReference: {fileID: 0}
    - target: {fileID: 6817837274939346296, guid: 640b4a2b9d592ab4fb1bf2bc6e80bb5d, type: 3}
      propertyPath: m_AnchoredPosition.y
      value: 0
      objectReference: {fileID: 0}
    - target: {fileID: 6864842578915519419, guid: 640b4a2b9d592ab4fb1bf2bc6e80bb5d, type: 3}
      propertyPath: m_AnchorMax.y
      value: 0
      objectReference: {fileID: 0}
    - target: {fileID: 6864842578915519419, guid: 640b4a2b9d592ab4fb1bf2bc6e80bb5d, type: 3}
      propertyPath: m_AnchorMin.y
      value: 0
      objectReference: {fileID: 0}
    - target: {fileID: 6864842578915519419, guid: 640b4a2b9d592ab4fb1bf2bc6e80bb5d, type: 3}
      propertyPath: m_AnchoredPosition.x
      value: 0
      objectReference: {fileID: 0}
    - target: {fileID: 6864842578915519419, guid: 640b4a2b9d592ab4fb1bf2bc6e80bb5d, type: 3}
      propertyPath: m_AnchoredPosition.y
      value: 0
      objectReference: {fileID: 0}
    - target: {fileID: 6900901899215597238, guid: 640b4a2b9d592ab4fb1bf2bc6e80bb5d, type: 3}
      propertyPath: m_OnClick.m_PersistentCalls.m_Calls.Array.size
      value: 2
      objectReference: {fileID: 0}
    - target: {fileID: 6900901899215597238, guid: 640b4a2b9d592ab4fb1bf2bc6e80bb5d, type: 3}
      propertyPath: m_OnClick.m_PersistentCalls.m_Calls.Array.data[1].m_Mode
      value: 1
      objectReference: {fileID: 0}
    - target: {fileID: 6900901899215597238, guid: 640b4a2b9d592ab4fb1bf2bc6e80bb5d, type: 3}
      propertyPath: m_OnClick.m_PersistentCalls.m_Calls.Array.data[1].m_Target
      value: 
      objectReference: {fileID: 5879763723090332217}
    - target: {fileID: 6900901899215597238, guid: 640b4a2b9d592ab4fb1bf2bc6e80bb5d, type: 3}
      propertyPath: m_OnClick.m_PersistentCalls.m_Calls.Array.data[1].m_CallState
      value: 2
      objectReference: {fileID: 0}
    - target: {fileID: 6900901899215597238, guid: 640b4a2b9d592ab4fb1bf2bc6e80bb5d, type: 3}
      propertyPath: m_OnClick.m_PersistentCalls.m_Calls.Array.data[1].m_MethodName
      value: PlayTheEvent
      objectReference: {fileID: 0}
    - target: {fileID: 6900901899215597238, guid: 640b4a2b9d592ab4fb1bf2bc6e80bb5d, type: 3}
      propertyPath: m_OnClick.m_PersistentCalls.m_Calls.Array.data[1].m_TargetAssemblyTypeName
      value: PlayByButton, Assembly-CSharp
      objectReference: {fileID: 0}
    - target: {fileID: 6900901899215597238, guid: 640b4a2b9d592ab4fb1bf2bc6e80bb5d, type: 3}
      propertyPath: m_OnClick.m_PersistentCalls.m_Calls.Array.data[1].m_Arguments.m_ObjectArgumentAssemblyTypeName
      value: UnityEngine.Object, UnityEngine
      objectReference: {fileID: 0}
    - target: {fileID: 7213941301020455986, guid: 640b4a2b9d592ab4fb1bf2bc6e80bb5d, type: 3}
      propertyPath: m_AnchorMax.y
      value: 0
      objectReference: {fileID: 0}
    - target: {fileID: 7213941301020455986, guid: 640b4a2b9d592ab4fb1bf2bc6e80bb5d, type: 3}
      propertyPath: m_AnchorMin.y
      value: 0
      objectReference: {fileID: 0}
    - target: {fileID: 7213941301020455986, guid: 640b4a2b9d592ab4fb1bf2bc6e80bb5d, type: 3}
      propertyPath: m_AnchoredPosition.x
      value: 0
      objectReference: {fileID: 0}
    - target: {fileID: 7213941301020455986, guid: 640b4a2b9d592ab4fb1bf2bc6e80bb5d, type: 3}
      propertyPath: m_AnchoredPosition.y
      value: 0
      objectReference: {fileID: 0}
    - target: {fileID: 7270284257339372279, guid: 640b4a2b9d592ab4fb1bf2bc6e80bb5d, type: 3}
      propertyPath: m_AnchorMax.y
      value: 0
      objectReference: {fileID: 0}
    - target: {fileID: 7270284257339372279, guid: 640b4a2b9d592ab4fb1bf2bc6e80bb5d, type: 3}
      propertyPath: m_AnchorMin.y
      value: 0
      objectReference: {fileID: 0}
    - target: {fileID: 7270284257339372279, guid: 640b4a2b9d592ab4fb1bf2bc6e80bb5d, type: 3}
      propertyPath: m_AnchoredPosition.x
      value: 0
      objectReference: {fileID: 0}
    - target: {fileID: 7270284257339372279, guid: 640b4a2b9d592ab4fb1bf2bc6e80bb5d, type: 3}
      propertyPath: m_AnchoredPosition.y
      value: 0
      objectReference: {fileID: 0}
    - target: {fileID: 7311147628298270370, guid: 640b4a2b9d592ab4fb1bf2bc6e80bb5d, type: 3}
      propertyPath: m_OnClick.m_PersistentCalls.m_Calls.Array.size
      value: 2
      objectReference: {fileID: 0}
    - target: {fileID: 7311147628298270370, guid: 640b4a2b9d592ab4fb1bf2bc6e80bb5d, type: 3}
      propertyPath: m_OnClick.m_PersistentCalls.m_Calls.Array.data[1].m_Mode
      value: 1
      objectReference: {fileID: 0}
    - target: {fileID: 7311147628298270370, guid: 640b4a2b9d592ab4fb1bf2bc6e80bb5d, type: 3}
      propertyPath: m_OnClick.m_PersistentCalls.m_Calls.Array.data[1].m_Target
      value: 
      objectReference: {fileID: 5879763723090332217}
    - target: {fileID: 7311147628298270370, guid: 640b4a2b9d592ab4fb1bf2bc6e80bb5d, type: 3}
      propertyPath: m_OnClick.m_PersistentCalls.m_Calls.Array.data[1].m_CallState
      value: 2
      objectReference: {fileID: 0}
    - target: {fileID: 7311147628298270370, guid: 640b4a2b9d592ab4fb1bf2bc6e80bb5d, type: 3}
      propertyPath: m_OnClick.m_PersistentCalls.m_Calls.Array.data[1].m_MethodName
      value: PlayTheEvent
      objectReference: {fileID: 0}
    - target: {fileID: 7311147628298270370, guid: 640b4a2b9d592ab4fb1bf2bc6e80bb5d, type: 3}
      propertyPath: m_OnClick.m_PersistentCalls.m_Calls.Array.data[1].m_TargetAssemblyTypeName
      value: PlayByButton, Assembly-CSharp
      objectReference: {fileID: 0}
    - target: {fileID: 7311147628298270370, guid: 640b4a2b9d592ab4fb1bf2bc6e80bb5d, type: 3}
      propertyPath: m_OnClick.m_PersistentCalls.m_Calls.Array.data[1].m_Arguments.m_ObjectArgumentAssemblyTypeName
      value: UnityEngine.Object, UnityEngine
      objectReference: {fileID: 0}
    - target: {fileID: 7404069475133825366, guid: 640b4a2b9d592ab4fb1bf2bc6e80bb5d, type: 3}
      propertyPath: m_AnchorMax.y
      value: 0
      objectReference: {fileID: 0}
    - target: {fileID: 7404069475133825366, guid: 640b4a2b9d592ab4fb1bf2bc6e80bb5d, type: 3}
      propertyPath: m_AnchorMin.y
      value: 0
      objectReference: {fileID: 0}
    - target: {fileID: 7404069475133825366, guid: 640b4a2b9d592ab4fb1bf2bc6e80bb5d, type: 3}
      propertyPath: m_AnchoredPosition.x
      value: 0
      objectReference: {fileID: 0}
    - target: {fileID: 7404069475133825366, guid: 640b4a2b9d592ab4fb1bf2bc6e80bb5d, type: 3}
      propertyPath: m_AnchoredPosition.y
      value: 0
      objectReference: {fileID: 0}
    - target: {fileID: 7579224184049471358, guid: 640b4a2b9d592ab4fb1bf2bc6e80bb5d, type: 3}
      propertyPath: terminal
      value: 
      objectReference: {fileID: 5662997998405209811}
    - target: {fileID: 7718957903363901256, guid: 640b4a2b9d592ab4fb1bf2bc6e80bb5d, type: 3}
      propertyPath: m_AnchorMax.y
      value: 0
      objectReference: {fileID: 0}
    - target: {fileID: 7718957903363901256, guid: 640b4a2b9d592ab4fb1bf2bc6e80bb5d, type: 3}
      propertyPath: m_AnchorMin.y
      value: 0
      objectReference: {fileID: 0}
    - target: {fileID: 7718957903363901256, guid: 640b4a2b9d592ab4fb1bf2bc6e80bb5d, type: 3}
      propertyPath: m_AnchoredPosition.x
      value: 0
      objectReference: {fileID: 0}
    - target: {fileID: 7718957903363901256, guid: 640b4a2b9d592ab4fb1bf2bc6e80bb5d, type: 3}
      propertyPath: m_AnchoredPosition.y
      value: 0
      objectReference: {fileID: 0}
    - target: {fileID: 7876098679458147333, guid: 640b4a2b9d592ab4fb1bf2bc6e80bb5d, type: 3}
      propertyPath: m_AnchoredPosition.x
      value: 0.00024414062
      objectReference: {fileID: 0}
    - target: {fileID: 7893193460524493130, guid: 640b4a2b9d592ab4fb1bf2bc6e80bb5d, type: 3}
      propertyPath: m_Name
      value: CameraTerminal
      objectReference: {fileID: 0}
    - target: {fileID: 7893193460524493133, guid: 640b4a2b9d592ab4fb1bf2bc6e80bb5d, type: 3}
      propertyPath: crypted
      value: 1
      objectReference: {fileID: 0}
    - target: {fileID: 7893193460524493133, guid: 640b4a2b9d592ab4fb1bf2bc6e80bb5d, type: 3}
      propertyPath: interactionText
      value: Press E to see the button
      objectReference: {fileID: 0}
    - target: {fileID: 7893193460524493134, guid: 640b4a2b9d592ab4fb1bf2bc6e80bb5d, type: 3}
      propertyPath: m_RootOrder
      value: 0
      objectReference: {fileID: 0}
    - target: {fileID: 7893193460524493134, guid: 640b4a2b9d592ab4fb1bf2bc6e80bb5d, type: 3}
      propertyPath: m_LocalPosition.x
      value: 0
      objectReference: {fileID: 0}
    - target: {fileID: 7893193460524493134, guid: 640b4a2b9d592ab4fb1bf2bc6e80bb5d, type: 3}
      propertyPath: m_LocalPosition.y
      value: 0
      objectReference: {fileID: 0}
    - target: {fileID: 7893193460524493134, guid: 640b4a2b9d592ab4fb1bf2bc6e80bb5d, type: 3}
      propertyPath: m_LocalPosition.z
      value: 0
      objectReference: {fileID: 0}
    - target: {fileID: 7893193460524493134, guid: 640b4a2b9d592ab4fb1bf2bc6e80bb5d, type: 3}
      propertyPath: m_LocalRotation.w
      value: 0
      objectReference: {fileID: 0}
    - target: {fileID: 7893193460524493134, guid: 640b4a2b9d592ab4fb1bf2bc6e80bb5d, type: 3}
      propertyPath: m_LocalRotation.x
      value: 0
      objectReference: {fileID: 0}
    - target: {fileID: 7893193460524493134, guid: 640b4a2b9d592ab4fb1bf2bc6e80bb5d, type: 3}
      propertyPath: m_LocalRotation.y
      value: 1
      objectReference: {fileID: 0}
    - target: {fileID: 7893193460524493134, guid: 640b4a2b9d592ab4fb1bf2bc6e80bb5d, type: 3}
      propertyPath: m_LocalRotation.z
      value: 0
      objectReference: {fileID: 0}
    - target: {fileID: 7893193460524493134, guid: 640b4a2b9d592ab4fb1bf2bc6e80bb5d, type: 3}
      propertyPath: m_LocalEulerAnglesHint.x
      value: 0
      objectReference: {fileID: 0}
    - target: {fileID: 7893193460524493134, guid: 640b4a2b9d592ab4fb1bf2bc6e80bb5d, type: 3}
      propertyPath: m_LocalEulerAnglesHint.y
      value: 180
      objectReference: {fileID: 0}
    - target: {fileID: 7893193460524493134, guid: 640b4a2b9d592ab4fb1bf2bc6e80bb5d, type: 3}
      propertyPath: m_LocalEulerAnglesHint.z
      value: 0
      objectReference: {fileID: 0}
    - target: {fileID: 8187151821099986484, guid: 640b4a2b9d592ab4fb1bf2bc6e80bb5d, type: 3}
      propertyPath: m_Camera
      value: 
      objectReference: {fileID: 0}
    - target: {fileID: 8187151821794945965, guid: 640b4a2b9d592ab4fb1bf2bc6e80bb5d, type: 3}
      propertyPath: m_OnClick.m_PersistentCalls.m_Calls.Array.data[0].m_Target
      value: 
      objectReference: {fileID: 5662997998405209811}
    - target: {fileID: 8187151821794945965, guid: 640b4a2b9d592ab4fb1bf2bc6e80bb5d, type: 3}
      propertyPath: m_OnClick.m_PersistentCalls.m_Calls.Array.data[0].m_MethodName
      value: EndInteraction
      objectReference: {fileID: 0}
    - target: {fileID: 8187151821794945966, guid: 640b4a2b9d592ab4fb1bf2bc6e80bb5d, type: 3}
      propertyPath: m_AnchoredPosition.x
      value: 0.00024414062
      objectReference: {fileID: 0}
    - target: {fileID: 8225470989358539154, guid: 640b4a2b9d592ab4fb1bf2bc6e80bb5d, type: 3}
      propertyPath: m_AnchorMax.y
      value: 0
      objectReference: {fileID: 0}
    - target: {fileID: 8225470989358539154, guid: 640b4a2b9d592ab4fb1bf2bc6e80bb5d, type: 3}
      propertyPath: m_AnchorMin.y
      value: 0
      objectReference: {fileID: 0}
    - target: {fileID: 8225470989358539154, guid: 640b4a2b9d592ab4fb1bf2bc6e80bb5d, type: 3}
      propertyPath: m_AnchoredPosition.x
      value: 0
      objectReference: {fileID: 0}
    - target: {fileID: 8225470989358539154, guid: 640b4a2b9d592ab4fb1bf2bc6e80bb5d, type: 3}
      propertyPath: m_AnchoredPosition.y
      value: 0
      objectReference: {fileID: 0}
    - target: {fileID: 8279803242984833244, guid: 640b4a2b9d592ab4fb1bf2bc6e80bb5d, type: 3}
      propertyPath: m_OnClick.m_PersistentCalls.m_Calls.Array.size
      value: 1
      objectReference: {fileID: 0}
    - target: {fileID: 8279803242984833244, guid: 640b4a2b9d592ab4fb1bf2bc6e80bb5d, type: 3}
      propertyPath: m_OnClick.m_PersistentCalls.m_Calls.Array.data[0].m_Mode
      value: 1
      objectReference: {fileID: 0}
    - target: {fileID: 8279803242984833244, guid: 640b4a2b9d592ab4fb1bf2bc6e80bb5d, type: 3}
      propertyPath: m_OnClick.m_PersistentCalls.m_Calls.Array.data[0].m_Target
      value: 
      objectReference: {fileID: 5662997998405209811}
    - target: {fileID: 8279803242984833244, guid: 640b4a2b9d592ab4fb1bf2bc6e80bb5d, type: 3}
      propertyPath: m_OnClick.m_PersistentCalls.m_Calls.Array.data[0].m_CallState
      value: 2
      objectReference: {fileID: 0}
    - target: {fileID: 8279803242984833244, guid: 640b4a2b9d592ab4fb1bf2bc6e80bb5d, type: 3}
      propertyPath: m_OnClick.m_PersistentCalls.m_Calls.Array.data[0].m_MethodName
      value: DeactivateCamera
      objectReference: {fileID: 0}
    - target: {fileID: 8279803242984833244, guid: 640b4a2b9d592ab4fb1bf2bc6e80bb5d, type: 3}
      propertyPath: m_OnClick.m_PersistentCalls.m_Calls.Array.data[0].m_TargetAssemblyTypeName
      value: CameraTerminal, Assembly-CSharp
      objectReference: {fileID: 0}
    - target: {fileID: 8279803242984833244, guid: 640b4a2b9d592ab4fb1bf2bc6e80bb5d, type: 3}
      propertyPath: m_OnClick.m_PersistentCalls.m_Calls.Array.data[0].m_Arguments.m_ObjectArgumentAssemblyTypeName
      value: UnityEngine.Object, UnityEngine
      objectReference: {fileID: 0}
    - target: {fileID: 8281915680827319580, guid: 640b4a2b9d592ab4fb1bf2bc6e80bb5d, type: 3}
      propertyPath: m_AnchorMax.y
      value: 0
      objectReference: {fileID: 0}
    - target: {fileID: 8281915680827319580, guid: 640b4a2b9d592ab4fb1bf2bc6e80bb5d, type: 3}
      propertyPath: m_AnchorMin.y
      value: 0
      objectReference: {fileID: 0}
    - target: {fileID: 8281915680827319580, guid: 640b4a2b9d592ab4fb1bf2bc6e80bb5d, type: 3}
      propertyPath: m_AnchoredPosition.x
      value: 0
      objectReference: {fileID: 0}
    - target: {fileID: 8281915680827319580, guid: 640b4a2b9d592ab4fb1bf2bc6e80bb5d, type: 3}
      propertyPath: m_AnchoredPosition.y
      value: 0
      objectReference: {fileID: 0}
    - target: {fileID: 8329740190029730603, guid: 640b4a2b9d592ab4fb1bf2bc6e80bb5d, type: 3}
      propertyPath: m_SizeDelta.x
      value: 960
      objectReference: {fileID: 0}
    - target: {fileID: 8329740190029730603, guid: 640b4a2b9d592ab4fb1bf2bc6e80bb5d, type: 3}
      propertyPath: m_SizeDelta.y
      value: 540
      objectReference: {fileID: 0}
    - target: {fileID: 8329740190029730603, guid: 640b4a2b9d592ab4fb1bf2bc6e80bb5d, type: 3}
      propertyPath: m_LocalScale.x
      value: 1
      objectReference: {fileID: 0}
    - target: {fileID: 8329740190029730603, guid: 640b4a2b9d592ab4fb1bf2bc6e80bb5d, type: 3}
      propertyPath: m_LocalScale.y
      value: 1
      objectReference: {fileID: 0}
    - target: {fileID: 8600230686672158727, guid: 640b4a2b9d592ab4fb1bf2bc6e80bb5d, type: 3}
      propertyPath: m_AnchorMax.y
      value: 0
      objectReference: {fileID: 0}
    - target: {fileID: 8600230686672158727, guid: 640b4a2b9d592ab4fb1bf2bc6e80bb5d, type: 3}
      propertyPath: m_AnchorMin.y
      value: 0
      objectReference: {fileID: 0}
    - target: {fileID: 8600230686672158727, guid: 640b4a2b9d592ab4fb1bf2bc6e80bb5d, type: 3}
      propertyPath: m_AnchoredPosition.x
      value: 0
      objectReference: {fileID: 0}
    - target: {fileID: 8600230686672158727, guid: 640b4a2b9d592ab4fb1bf2bc6e80bb5d, type: 3}
      propertyPath: m_AnchoredPosition.y
      value: 0
      objectReference: {fileID: 0}
    - target: {fileID: 9129115243723863556, guid: 640b4a2b9d592ab4fb1bf2bc6e80bb5d, type: 3}
      propertyPath: m_AnchorMax.y
      value: 0
      objectReference: {fileID: 0}
    - target: {fileID: 9129115243723863556, guid: 640b4a2b9d592ab4fb1bf2bc6e80bb5d, type: 3}
      propertyPath: m_AnchorMin.y
      value: 0
      objectReference: {fileID: 0}
    - target: {fileID: 9129115243723863556, guid: 640b4a2b9d592ab4fb1bf2bc6e80bb5d, type: 3}
      propertyPath: m_AnchoredPosition.x
      value: 0
      objectReference: {fileID: 0}
    - target: {fileID: 9129115243723863556, guid: 640b4a2b9d592ab4fb1bf2bc6e80bb5d, type: 3}
      propertyPath: m_AnchoredPosition.y
      value: 0
      objectReference: {fileID: 0}
    - target: {fileID: 9163097198293365374, guid: 640b4a2b9d592ab4fb1bf2bc6e80bb5d, type: 3}
      propertyPath: m_AnchorMax.y
      value: 0
      objectReference: {fileID: 0}
    - target: {fileID: 9163097198293365374, guid: 640b4a2b9d592ab4fb1bf2bc6e80bb5d, type: 3}
      propertyPath: m_AnchorMin.y
      value: 0
      objectReference: {fileID: 0}
    - target: {fileID: 9163097198293365374, guid: 640b4a2b9d592ab4fb1bf2bc6e80bb5d, type: 3}
      propertyPath: m_AnchoredPosition.y
      value: 0
      objectReference: {fileID: 0}
    m_RemovedComponents:
    - {fileID: 7893193460524493133, guid: 640b4a2b9d592ab4fb1bf2bc6e80bb5d, type: 3}
  m_SourcePrefab: {fileID: 100100000, guid: 640b4a2b9d592ab4fb1bf2bc6e80bb5d, type: 3}
--- !u!1 &4989400068073501063 stripped
GameObject:
  m_CorrespondingSourceObject: {fileID: 7893193460524493130, guid: 640b4a2b9d592ab4fb1bf2bc6e80bb5d, type: 3}
  m_PrefabInstance: {fileID: 2933999829059836109}
  m_PrefabAsset: {fileID: 0}
--- !u!1 &6424721837031192317 stripped
GameObject:
  m_CorrespondingSourceObject: {fileID: 8187151821099986480, guid: 640b4a2b9d592ab4fb1bf2bc6e80bb5d, type: 3}
  m_PrefabInstance: {fileID: 2933999829059836109}
  m_PrefabAsset: {fileID: 0}
--- !u!223 &6424721837031192313 stripped
Canvas:
  m_CorrespondingSourceObject: {fileID: 8187151821099986484, guid: 640b4a2b9d592ab4fb1bf2bc6e80bb5d, type: 3}
  m_PrefabInstance: {fileID: 2933999829059836109}
  m_PrefabAsset: {fileID: 0}
--- !u!95 &3179778701112697409 stripped
Animator:
  m_CorrespondingSourceObject: {fileID: 330872379230648972, guid: 640b4a2b9d592ab4fb1bf2bc6e80bb5d, type: 3}
  m_PrefabInstance: {fileID: 2933999829059836109}
  m_PrefabAsset: {fileID: 0}
--- !u!1 &4082589947582565965 stripped
GameObject:
  m_CorrespondingSourceObject: {fileID: 1161907409062876800, guid: 640b4a2b9d592ab4fb1bf2bc6e80bb5d, type: 3}
  m_PrefabInstance: {fileID: 2933999829059836109}
  m_PrefabAsset: {fileID: 0}
--- !u!223 &129916510967352856 stripped
Canvas:
  m_CorrespondingSourceObject: {fileID: 2988744374533347029, guid: 640b4a2b9d592ab4fb1bf2bc6e80bb5d, type: 3}
  m_PrefabInstance: {fileID: 2933999829059836109}
  m_PrefabAsset: {fileID: 0}
--- !u!95 &1654095535569503480 stripped
Animator:
  m_CorrespondingSourceObject: {fileID: 4486480697732963381, guid: 640b4a2b9d592ab4fb1bf2bc6e80bb5d, type: 3}
  m_PrefabInstance: {fileID: 2933999829059836109}
  m_PrefabAsset: {fileID: 0}
--- !u!1 &1049424933055103979 stripped
GameObject:
  m_CorrespondingSourceObject: {fileID: 2749420248181185318, guid: 640b4a2b9d592ab4fb1bf2bc6e80bb5d, type: 3}
  m_PrefabInstance: {fileID: 2933999829059836109}
  m_PrefabAsset: {fileID: 0}
--- !u!114 &342107964798473373 stripped
MonoBehaviour:
  m_CorrespondingSourceObject: {fileID: 3172997237165657168, guid: 640b4a2b9d592ab4fb1bf2bc6e80bb5d, type: 3}
  m_PrefabInstance: {fileID: 2933999829059836109}
  m_PrefabAsset: {fileID: 0}
  m_GameObject: {fileID: 0}
  m_Enabled: 1
  m_EditorHideFlags: 0
  m_Script: {fileID: 11500000, guid: 53e0c0365ba2e764588505b61b471885, type: 3}
  m_Name: 
  m_EditorClassIdentifier: 
--- !u!1 &5149075345888168980 stripped
GameObject:
  m_CorrespondingSourceObject: {fileID: 8053168355588822233, guid: 640b4a2b9d592ab4fb1bf2bc6e80bb5d, type: 3}
  m_PrefabInstance: {fileID: 2933999829059836109}
  m_PrefabAsset: {fileID: 0}
--- !u!114 &5573793550769314658 stripped
MonoBehaviour:
  m_CorrespondingSourceObject: {fileID: 7344736542538908591, guid: 640b4a2b9d592ab4fb1bf2bc6e80bb5d, type: 3}
  m_PrefabInstance: {fileID: 2933999829059836109}
  m_PrefabAsset: {fileID: 0}
  m_GameObject: {fileID: 0}
  m_Enabled: 1
  m_EditorHideFlags: 0
  m_Script: {fileID: 11500000, guid: 53e0c0365ba2e764588505b61b471885, type: 3}
  m_Name: 
  m_EditorClassIdentifier: 
--- !u!1 &3756786953572850687 stripped
GameObject:
  m_CorrespondingSourceObject: {fileID: 2059658614144172850, guid: 640b4a2b9d592ab4fb1bf2bc6e80bb5d, type: 3}
  m_PrefabInstance: {fileID: 2933999829059836109}
  m_PrefabAsset: {fileID: 0}
--- !u!114 &4471492648692944009 stripped
MonoBehaviour:
  m_CorrespondingSourceObject: {fileID: 1637700114731897924, guid: 640b4a2b9d592ab4fb1bf2bc6e80bb5d, type: 3}
  m_PrefabInstance: {fileID: 2933999829059836109}
  m_PrefabAsset: {fileID: 0}
  m_GameObject: {fileID: 0}
  m_Enabled: 1
  m_EditorHideFlags: 0
  m_Script: {fileID: 11500000, guid: 53e0c0365ba2e764588505b61b471885, type: 3}
  m_Name: 
  m_EditorClassIdentifier: 
--- !u!114 &7324135399037311698 stripped
MonoBehaviour:
  m_CorrespondingSourceObject: {fileID: 5553825764615422495, guid: 640b4a2b9d592ab4fb1bf2bc6e80bb5d, type: 3}
  m_PrefabInstance: {fileID: 2933999829059836109}
  m_PrefabAsset: {fileID: 0}
  m_GameObject: {fileID: 0}
  m_Enabled: 1
  m_EditorHideFlags: 0
  m_Script: {fileID: 11500000, guid: f4688fdb7df04437aeb418b961361dc5, type: 3}
  m_Name: 
  m_EditorClassIdentifier: 
