%YAML 1.1
%TAG !u! tag:unity3d.com,2011:
--- !u!1 &1454891766798738087
GameObject:
  m_ObjectHideFlags: 0
  m_CorrespondingSourceObject: {fileID: 0}
  m_PrefabInstance: {fileID: 0}
  m_PrefabAsset: {fileID: 0}
  serializedVersion: 6
  m_Component:
  - component: {fileID: 1454891766798738084}
  m_Layer: 0
  m_Name: Walls
  m_TagString: Untagged
  m_Icon: {fileID: 0}
  m_NavMeshLayer: 0
  m_StaticEditorFlags: 4294967295
  m_IsActive: 1
--- !u!4 &1454891766798738084
Transform:
  m_ObjectHideFlags: 0
  m_CorrespondingSourceObject: {fileID: 0}
  m_PrefabInstance: {fileID: 0}
  m_PrefabAsset: {fileID: 0}
  m_GameObject: {fileID: 1454891766798738087}
  m_LocalRotation: {x: -0, y: -0, z: -0, w: 1}
  m_LocalPosition: {x: 8.049612, y: -6.6838646, z: 18.892328}
  m_LocalScale: {x: 1, y: 1, z: 1}
  m_Children:
  - {fileID: 505411159409269532}
  - {fileID: 505411160593038799}
  - {fileID: 505411160267828548}
  - {fileID: 505411160439756046}
  - {fileID: 505411159346277483}
  - {fileID: 505411159396999071}
  - {fileID: 505411161219276512}
  - {fileID: 505411160970132924}
  - {fileID: 505411161252176547}
  - {fileID: 505411159843473591}
  - {fileID: 505411159944853195}
  m_Father: {fileID: 1454891767045096981}
  m_RootOrder: 1
  m_LocalEulerAnglesHint: {x: 0, y: 0, z: 0}
--- !u!1 &1454891767045096980
GameObject:
  m_ObjectHideFlags: 0
  m_CorrespondingSourceObject: {fileID: 0}
  m_PrefabInstance: {fileID: 0}
  m_PrefabAsset: {fileID: 0}
  serializedVersion: 6
  m_Component:
  - component: {fileID: 1454891767045096981}
  m_Layer: 0
  m_Name: Room3x3
  m_TagString: Untagged
  m_Icon: {fileID: 0}
  m_NavMeshLayer: 0
  m_StaticEditorFlags: 4294967295
  m_IsActive: 1
--- !u!4 &1454891767045096981
Transform:
  m_ObjectHideFlags: 0
  m_CorrespondingSourceObject: {fileID: 0}
  m_PrefabInstance: {fileID: 0}
  m_PrefabAsset: {fileID: 0}
  m_GameObject: {fileID: 1454891767045096980}
  m_LocalRotation: {x: 0, y: 0, z: 0, w: 1}
  m_LocalPosition: {x: 0, y: 0, z: 0}
  m_LocalScale: {x: 1, y: 1, z: 1}
  m_Children:
  - {fileID: 1454891767503095462}
  - {fileID: 1454891766798738084}
  - {fileID: 4506319110460257445}
  m_Father: {fileID: 0}
  m_RootOrder: 0
  m_LocalEulerAnglesHint: {x: 0, y: 0, z: 0}
--- !u!1 &1454891767503095457
GameObject:
  m_ObjectHideFlags: 0
  m_CorrespondingSourceObject: {fileID: 0}
  m_PrefabInstance: {fileID: 0}
  m_PrefabAsset: {fileID: 0}
  serializedVersion: 6
  m_Component:
  - component: {fileID: 1454891767503095462}
  m_Layer: 0
  m_Name: Floors
  m_TagString: Untagged
  m_Icon: {fileID: 0}
  m_NavMeshLayer: 0
  m_StaticEditorFlags: 4294967295
  m_IsActive: 1
--- !u!4 &1454891767503095462
Transform:
  m_ObjectHideFlags: 0
  m_CorrespondingSourceObject: {fileID: 0}
  m_PrefabInstance: {fileID: 0}
  m_PrefabAsset: {fileID: 0}
  m_GameObject: {fileID: 1454891767503095457}
  m_LocalRotation: {x: -0, y: -0, z: -0, w: 1}
  m_LocalPosition: {x: 0, y: 0, z: 0}
  m_LocalScale: {x: 1, y: 1, z: 1}
  m_Children:
  - {fileID: 1450708934008073731}
  - {fileID: 1450708934061815128}
  - {fileID: 1450708933699200054}
  - {fileID: 1450708934060598250}
  - {fileID: 1450708932780496391}
  - {fileID: 1450708934156997259}
  - {fileID: 1450708933418294710}
  - {fileID: 1450708933117475968}
  - {fileID: 1450708933341531456}
  m_Father: {fileID: 1454891767045096981}
  m_RootOrder: 0
  m_LocalEulerAnglesHint: {x: 0, y: 0, z: 0}
--- !u!1001 &1454891766849555503
PrefabInstance:
  m_ObjectHideFlags: 0
  serializedVersion: 2
  m_Modification:
    m_TransformParent: {fileID: 1454891766798738084}
    m_Modifications:
    - target: {fileID: 1383524960798524568, guid: 4f9948e8f1c4c454b9e81792f10a32ec, type: 3}
      propertyPath: m_RootOrder
      value: 9
      objectReference: {fileID: 0}
    - target: {fileID: 1383524960798524568, guid: 4f9948e8f1c4c454b9e81792f10a32ec, type: 3}
      propertyPath: m_LocalPosition.x
      value: -18.049612
      objectReference: {fileID: 0}
    - target: {fileID: 1383524960798524568, guid: 4f9948e8f1c4c454b9e81792f10a32ec, type: 3}
      propertyPath: m_LocalPosition.y
      value: 6.6838646
      objectReference: {fileID: 0}
    - target: {fileID: 1383524960798524568, guid: 4f9948e8f1c4c454b9e81792f10a32ec, type: 3}
      propertyPath: m_LocalPosition.z
      value: -18.892328
      objectReference: {fileID: 0}
    - target: {fileID: 1383524960798524568, guid: 4f9948e8f1c4c454b9e81792f10a32ec, type: 3}
      propertyPath: m_LocalRotation.w
      value: 0.7071068
      objectReference: {fileID: 0}
    - target: {fileID: 1383524960798524568, guid: 4f9948e8f1c4c454b9e81792f10a32ec, type: 3}
      propertyPath: m_LocalRotation.x
      value: -0
      objectReference: {fileID: 0}
    - target: {fileID: 1383524960798524568, guid: 4f9948e8f1c4c454b9e81792f10a32ec, type: 3}
      propertyPath: m_LocalRotation.y
      value: 0.7071068
      objectReference: {fileID: 0}
    - target: {fileID: 1383524960798524568, guid: 4f9948e8f1c4c454b9e81792f10a32ec, type: 3}
      propertyPath: m_LocalRotation.z
      value: -0
      objectReference: {fileID: 0}
    - target: {fileID: 1383524960798524568, guid: 4f9948e8f1c4c454b9e81792f10a32ec, type: 3}
      propertyPath: m_LocalEulerAnglesHint.x
      value: 0
      objectReference: {fileID: 0}
    - target: {fileID: 1383524960798524568, guid: 4f9948e8f1c4c454b9e81792f10a32ec, type: 3}
      propertyPath: m_LocalEulerAnglesHint.y
      value: 90
      objectReference: {fileID: 0}
    - target: {fileID: 1383524960798524568, guid: 4f9948e8f1c4c454b9e81792f10a32ec, type: 3}
      propertyPath: m_LocalEulerAnglesHint.z
      value: 0
      objectReference: {fileID: 0}
    - target: {fileID: 3173993982226097777, guid: 4f9948e8f1c4c454b9e81792f10a32ec, type: 3}
      propertyPath: m_StaticEditorFlags
      value: 4294967295
      objectReference: {fileID: 0}
    - target: {fileID: 3177489355881580965, guid: 4f9948e8f1c4c454b9e81792f10a32ec, type: 3}
      propertyPath: m_LocalPosition.x
      value: 0
      objectReference: {fileID: 0}
    - target: {fileID: 3177489355881580965, guid: 4f9948e8f1c4c454b9e81792f10a32ec, type: 3}
      propertyPath: m_LocalPosition.z
      value: 0
      objectReference: {fileID: 0}
    - target: {fileID: 6885832046363063544, guid: 4f9948e8f1c4c454b9e81792f10a32ec, type: 3}
      propertyPath: m_Name
      value: Wall_01 (10)
      objectReference: {fileID: 0}
    - target: {fileID: 6885832046363063544, guid: 4f9948e8f1c4c454b9e81792f10a32ec, type: 3}
      propertyPath: m_StaticEditorFlags
      value: 4294967295
      objectReference: {fileID: 0}
    m_RemovedComponents: []
  m_SourcePrefab: {fileID: 100100000, guid: 4f9948e8f1c4c454b9e81792f10a32ec, type: 3}
--- !u!4 &505411159843473591 stripped
Transform:
  m_CorrespondingSourceObject: {fileID: 1383524960798524568, guid: 4f9948e8f1c4c454b9e81792f10a32ec, type: 3}
  m_PrefabInstance: {fileID: 1454891766849555503}
  m_PrefabAsset: {fileID: 0}
--- !u!1001 &1454891766960337491
PrefabInstance:
  m_ObjectHideFlags: 0
  serializedVersion: 2
  m_Modification:
    m_TransformParent: {fileID: 1454891766798738084}
    m_Modifications:
    - target: {fileID: 1383524960798524568, guid: 4f9948e8f1c4c454b9e81792f10a32ec, type: 3}
      propertyPath: m_RootOrder
      value: 10
      objectReference: {fileID: 0}
    - target: {fileID: 1383524960798524568, guid: 4f9948e8f1c4c454b9e81792f10a32ec, type: 3}
      propertyPath: m_LocalPosition.x
      value: -18.049612
      objectReference: {fileID: 0}
    - target: {fileID: 1383524960798524568, guid: 4f9948e8f1c4c454b9e81792f10a32ec, type: 3}
      propertyPath: m_LocalPosition.y
      value: 6.6838646
      objectReference: {fileID: 0}
    - target: {fileID: 1383524960798524568, guid: 4f9948e8f1c4c454b9e81792f10a32ec, type: 3}
      propertyPath: m_LocalPosition.z
      value: -23.892328
      objectReference: {fileID: 0}
    - target: {fileID: 1383524960798524568, guid: 4f9948e8f1c4c454b9e81792f10a32ec, type: 3}
      propertyPath: m_LocalRotation.w
      value: 0.7071068
      objectReference: {fileID: 0}
    - target: {fileID: 1383524960798524568, guid: 4f9948e8f1c4c454b9e81792f10a32ec, type: 3}
      propertyPath: m_LocalRotation.x
      value: -0
      objectReference: {fileID: 0}
    - target: {fileID: 1383524960798524568, guid: 4f9948e8f1c4c454b9e81792f10a32ec, type: 3}
      propertyPath: m_LocalRotation.y
      value: 0.7071068
      objectReference: {fileID: 0}
    - target: {fileID: 1383524960798524568, guid: 4f9948e8f1c4c454b9e81792f10a32ec, type: 3}
      propertyPath: m_LocalRotation.z
      value: -0
      objectReference: {fileID: 0}
    - target: {fileID: 1383524960798524568, guid: 4f9948e8f1c4c454b9e81792f10a32ec, type: 3}
      propertyPath: m_LocalEulerAnglesHint.x
      value: 0
      objectReference: {fileID: 0}
    - target: {fileID: 1383524960798524568, guid: 4f9948e8f1c4c454b9e81792f10a32ec, type: 3}
      propertyPath: m_LocalEulerAnglesHint.y
      value: 90
      objectReference: {fileID: 0}
    - target: {fileID: 1383524960798524568, guid: 4f9948e8f1c4c454b9e81792f10a32ec, type: 3}
      propertyPath: m_LocalEulerAnglesHint.z
      value: 0
      objectReference: {fileID: 0}
    - target: {fileID: 3173993982226097777, guid: 4f9948e8f1c4c454b9e81792f10a32ec, type: 3}
      propertyPath: m_StaticEditorFlags
      value: 4294967295
      objectReference: {fileID: 0}
    - target: {fileID: 3177489355881580965, guid: 4f9948e8f1c4c454b9e81792f10a32ec, type: 3}
      propertyPath: m_LocalPosition.x
      value: 0
      objectReference: {fileID: 0}
    - target: {fileID: 3177489355881580965, guid: 4f9948e8f1c4c454b9e81792f10a32ec, type: 3}
      propertyPath: m_LocalPosition.z
      value: 0
      objectReference: {fileID: 0}
    - target: {fileID: 6885832046363063544, guid: 4f9948e8f1c4c454b9e81792f10a32ec, type: 3}
      propertyPath: m_Name
      value: Wall_01 (11)
      objectReference: {fileID: 0}
    - target: {fileID: 6885832046363063544, guid: 4f9948e8f1c4c454b9e81792f10a32ec, type: 3}
      propertyPath: m_StaticEditorFlags
      value: 4294967295
      objectReference: {fileID: 0}
    m_RemovedComponents: []
  m_SourcePrefab: {fileID: 100100000, guid: 4f9948e8f1c4c454b9e81792f10a32ec, type: 3}
--- !u!4 &505411159944853195 stripped
Transform:
  m_CorrespondingSourceObject: {fileID: 1383524960798524568, guid: 4f9948e8f1c4c454b9e81792f10a32ec, type: 3}
  m_PrefabInstance: {fileID: 1454891766960337491}
  m_PrefabAsset: {fileID: 0}
--- !u!1001 &1454891766964130582
PrefabInstance:
  m_ObjectHideFlags: 0
  serializedVersion: 2
  m_Modification:
    m_TransformParent: {fileID: 1454891767503095462}
    m_Modifications:
    - target: {fileID: 1182560378374930, guid: ba8c17098e39a004d8754f7823b7bcc7, type: 3}
      propertyPath: m_Name
      value: SM_Bld_Floor_010 (7)
      objectReference: {fileID: 0}
    - target: {fileID: 1182560378374930, guid: ba8c17098e39a004d8754f7823b7bcc7, type: 3}
      propertyPath: m_StaticEditorFlags
      value: 4294967295
      objectReference: {fileID: 0}
    - target: {fileID: 4824984152862614, guid: ba8c17098e39a004d8754f7823b7bcc7, type: 3}
      propertyPath: m_RootOrder
      value: 7
      objectReference: {fileID: 0}
    - target: {fileID: 4824984152862614, guid: ba8c17098e39a004d8754f7823b7bcc7, type: 3}
      propertyPath: m_LocalPosition.x
      value: 0
      objectReference: {fileID: 0}
    - target: {fileID: 4824984152862614, guid: ba8c17098e39a004d8754f7823b7bcc7, type: 3}
      propertyPath: m_LocalPosition.y
      value: -1
      objectReference: {fileID: 0}
    - target: {fileID: 4824984152862614, guid: ba8c17098e39a004d8754f7823b7bcc7, type: 3}
      propertyPath: m_LocalPosition.z
      value: -5
      objectReference: {fileID: 0}
    - target: {fileID: 4824984152862614, guid: ba8c17098e39a004d8754f7823b7bcc7, type: 3}
      propertyPath: m_LocalRotation.w
      value: 1
      objectReference: {fileID: 0}
    - target: {fileID: 4824984152862614, guid: ba8c17098e39a004d8754f7823b7bcc7, type: 3}
      propertyPath: m_LocalRotation.x
      value: -0
      objectReference: {fileID: 0}
    - target: {fileID: 4824984152862614, guid: ba8c17098e39a004d8754f7823b7bcc7, type: 3}
      propertyPath: m_LocalRotation.y
      value: -0
      objectReference: {fileID: 0}
    - target: {fileID: 4824984152862614, guid: ba8c17098e39a004d8754f7823b7bcc7, type: 3}
      propertyPath: m_LocalRotation.z
      value: -0
      objectReference: {fileID: 0}
    - target: {fileID: 4824984152862614, guid: ba8c17098e39a004d8754f7823b7bcc7, type: 3}
      propertyPath: m_LocalEulerAnglesHint.x
      value: 0
      objectReference: {fileID: 0}
    - target: {fileID: 4824984152862614, guid: ba8c17098e39a004d8754f7823b7bcc7, type: 3}
      propertyPath: m_LocalEulerAnglesHint.y
      value: 0
      objectReference: {fileID: 0}
    - target: {fileID: 4824984152862614, guid: ba8c17098e39a004d8754f7823b7bcc7, type: 3}
      propertyPath: m_LocalEulerAnglesHint.z
      value: 0
      objectReference: {fileID: 0}
    m_RemovedComponents: []
  m_SourcePrefab: {fileID: 100100000, guid: ba8c17098e39a004d8754f7823b7bcc7, type: 3}
--- !u!4 &1450708933117475968 stripped
Transform:
  m_CorrespondingSourceObject: {fileID: 4824984152862614, guid: ba8c17098e39a004d8754f7823b7bcc7, type: 3}
  m_PrefabInstance: {fileID: 1454891766964130582}
  m_PrefabAsset: {fileID: 0}
--- !u!1001 &1454891767065768480
PrefabInstance:
  m_ObjectHideFlags: 0
  serializedVersion: 2
  m_Modification:
    m_TransformParent: {fileID: 1454891767503095462}
    m_Modifications:
    - target: {fileID: 1182560378374930, guid: ba8c17098e39a004d8754f7823b7bcc7, type: 3}
      propertyPath: m_Name
      value: SM_Bld_Floor_010 (6)
      objectReference: {fileID: 0}
    - target: {fileID: 1182560378374930, guid: ba8c17098e39a004d8754f7823b7bcc7, type: 3}
      propertyPath: m_StaticEditorFlags
      value: 4294967295
      objectReference: {fileID: 0}
    - target: {fileID: 4824984152862614, guid: ba8c17098e39a004d8754f7823b7bcc7, type: 3}
      propertyPath: m_RootOrder
      value: 6
      objectReference: {fileID: 0}
    - target: {fileID: 4824984152862614, guid: ba8c17098e39a004d8754f7823b7bcc7, type: 3}
      propertyPath: m_LocalPosition.x
      value: -5
      objectReference: {fileID: 0}
    - target: {fileID: 4824984152862614, guid: ba8c17098e39a004d8754f7823b7bcc7, type: 3}
      propertyPath: m_LocalPosition.y
      value: -1
      objectReference: {fileID: 0}
    - target: {fileID: 4824984152862614, guid: ba8c17098e39a004d8754f7823b7bcc7, type: 3}
      propertyPath: m_LocalPosition.z
      value: -5
      objectReference: {fileID: 0}
    - target: {fileID: 4824984152862614, guid: ba8c17098e39a004d8754f7823b7bcc7, type: 3}
      propertyPath: m_LocalRotation.w
      value: 1
      objectReference: {fileID: 0}
    - target: {fileID: 4824984152862614, guid: ba8c17098e39a004d8754f7823b7bcc7, type: 3}
      propertyPath: m_LocalRotation.x
      value: -0
      objectReference: {fileID: 0}
    - target: {fileID: 4824984152862614, guid: ba8c17098e39a004d8754f7823b7bcc7, type: 3}
      propertyPath: m_LocalRotation.y
      value: -0
      objectReference: {fileID: 0}
    - target: {fileID: 4824984152862614, guid: ba8c17098e39a004d8754f7823b7bcc7, type: 3}
      propertyPath: m_LocalRotation.z
      value: -0
      objectReference: {fileID: 0}
    - target: {fileID: 4824984152862614, guid: ba8c17098e39a004d8754f7823b7bcc7, type: 3}
      propertyPath: m_LocalEulerAnglesHint.x
      value: 0
      objectReference: {fileID: 0}
    - target: {fileID: 4824984152862614, guid: ba8c17098e39a004d8754f7823b7bcc7, type: 3}
      propertyPath: m_LocalEulerAnglesHint.y
      value: 0
      objectReference: {fileID: 0}
    - target: {fileID: 4824984152862614, guid: ba8c17098e39a004d8754f7823b7bcc7, type: 3}
      propertyPath: m_LocalEulerAnglesHint.z
      value: 0
      objectReference: {fileID: 0}
    m_RemovedComponents: []
  m_SourcePrefab: {fileID: 100100000, guid: ba8c17098e39a004d8754f7823b7bcc7, type: 3}
--- !u!4 &1450708933418294710 stripped
Transform:
  m_CorrespondingSourceObject: {fileID: 4824984152862614, guid: ba8c17098e39a004d8754f7823b7bcc7, type: 3}
  m_PrefabInstance: {fileID: 1454891767065768480}
  m_PrefabAsset: {fileID: 0}
--- !u!1001 &1454891767260553942
PrefabInstance:
  m_ObjectHideFlags: 0
  serializedVersion: 2
  m_Modification:
    m_TransformParent: {fileID: 1454891767503095462}
    m_Modifications:
    - target: {fileID: 1182560378374930, guid: ba8c17098e39a004d8754f7823b7bcc7, type: 3}
      propertyPath: m_Name
      value: SM_Bld_Floor_010 (8)
      objectReference: {fileID: 0}
    - target: {fileID: 1182560378374930, guid: ba8c17098e39a004d8754f7823b7bcc7, type: 3}
      propertyPath: m_StaticEditorFlags
      value: 4294967295
      objectReference: {fileID: 0}
    - target: {fileID: 4824984152862614, guid: ba8c17098e39a004d8754f7823b7bcc7, type: 3}
      propertyPath: m_RootOrder
      value: 8
      objectReference: {fileID: 0}
    - target: {fileID: 4824984152862614, guid: ba8c17098e39a004d8754f7823b7bcc7, type: 3}
      propertyPath: m_LocalPosition.x
      value: 5
      objectReference: {fileID: 0}
    - target: {fileID: 4824984152862614, guid: ba8c17098e39a004d8754f7823b7bcc7, type: 3}
      propertyPath: m_LocalPosition.y
      value: -1
      objectReference: {fileID: 0}
    - target: {fileID: 4824984152862614, guid: ba8c17098e39a004d8754f7823b7bcc7, type: 3}
      propertyPath: m_LocalPosition.z
      value: -5
      objectReference: {fileID: 0}
    - target: {fileID: 4824984152862614, guid: ba8c17098e39a004d8754f7823b7bcc7, type: 3}
      propertyPath: m_LocalRotation.w
      value: 1
      objectReference: {fileID: 0}
    - target: {fileID: 4824984152862614, guid: ba8c17098e39a004d8754f7823b7bcc7, type: 3}
      propertyPath: m_LocalRotation.x
      value: -0
      objectReference: {fileID: 0}
    - target: {fileID: 4824984152862614, guid: ba8c17098e39a004d8754f7823b7bcc7, type: 3}
      propertyPath: m_LocalRotation.y
      value: -0
      objectReference: {fileID: 0}
    - target: {fileID: 4824984152862614, guid: ba8c17098e39a004d8754f7823b7bcc7, type: 3}
      propertyPath: m_LocalRotation.z
      value: -0
      objectReference: {fileID: 0}
    - target: {fileID: 4824984152862614, guid: ba8c17098e39a004d8754f7823b7bcc7, type: 3}
      propertyPath: m_LocalEulerAnglesHint.x
      value: 0
      objectReference: {fileID: 0}
    - target: {fileID: 4824984152862614, guid: ba8c17098e39a004d8754f7823b7bcc7, type: 3}
      propertyPath: m_LocalEulerAnglesHint.y
      value: 0
      objectReference: {fileID: 0}
    - target: {fileID: 4824984152862614, guid: ba8c17098e39a004d8754f7823b7bcc7, type: 3}
      propertyPath: m_LocalEulerAnglesHint.z
      value: 0
      objectReference: {fileID: 0}
    m_RemovedComponents: []
  m_SourcePrefab: {fileID: 100100000, guid: ba8c17098e39a004d8754f7823b7bcc7, type: 3}
--- !u!4 &1450708933341531456 stripped
Transform:
  m_CorrespondingSourceObject: {fileID: 4824984152862614, guid: ba8c17098e39a004d8754f7823b7bcc7, type: 3}
  m_PrefabInstance: {fileID: 1454891767260553942}
  m_PrefabAsset: {fileID: 0}
--- !u!1001 &1454891767426066675
PrefabInstance:
  m_ObjectHideFlags: 0
  serializedVersion: 2
  m_Modification:
    m_TransformParent: {fileID: 1454891766798738084}
    m_Modifications:
    - target: {fileID: 1383524960798524568, guid: 4f9948e8f1c4c454b9e81792f10a32ec, type: 3}
      propertyPath: m_RootOrder
      value: 4
      objectReference: {fileID: 0}
    - target: {fileID: 1383524960798524568, guid: 4f9948e8f1c4c454b9e81792f10a32ec, type: 3}
      propertyPath: m_LocalPosition.x
      value: -3.049612
      objectReference: {fileID: 0}
    - target: {fileID: 1383524960798524568, guid: 4f9948e8f1c4c454b9e81792f10a32ec, type: 3}
      propertyPath: m_LocalPosition.y
      value: 6.6838646
      objectReference: {fileID: 0}
    - target: {fileID: 1383524960798524568, guid: 4f9948e8f1c4c454b9e81792f10a32ec, type: 3}
      propertyPath: m_LocalPosition.z
      value: -8.892328
      objectReference: {fileID: 0}
    - target: {fileID: 1383524960798524568, guid: 4f9948e8f1c4c454b9e81792f10a32ec, type: 3}
      propertyPath: m_LocalRotation.w
      value: 0.7071068
      objectReference: {fileID: 0}
    - target: {fileID: 1383524960798524568, guid: 4f9948e8f1c4c454b9e81792f10a32ec, type: 3}
      propertyPath: m_LocalRotation.x
      value: -0
      objectReference: {fileID: 0}
    - target: {fileID: 1383524960798524568, guid: 4f9948e8f1c4c454b9e81792f10a32ec, type: 3}
      propertyPath: m_LocalRotation.y
      value: -0.7071068
      objectReference: {fileID: 0}
    - target: {fileID: 1383524960798524568, guid: 4f9948e8f1c4c454b9e81792f10a32ec, type: 3}
      propertyPath: m_LocalRotation.z
      value: -0
      objectReference: {fileID: 0}
    - target: {fileID: 1383524960798524568, guid: 4f9948e8f1c4c454b9e81792f10a32ec, type: 3}
      propertyPath: m_LocalEulerAnglesHint.x
      value: 0
      objectReference: {fileID: 0}
    - target: {fileID: 1383524960798524568, guid: 4f9948e8f1c4c454b9e81792f10a32ec, type: 3}
      propertyPath: m_LocalEulerAnglesHint.y
      value: -90
      objectReference: {fileID: 0}
    - target: {fileID: 1383524960798524568, guid: 4f9948e8f1c4c454b9e81792f10a32ec, type: 3}
      propertyPath: m_LocalEulerAnglesHint.z
      value: 0
      objectReference: {fileID: 0}
    - target: {fileID: 3173993982226097777, guid: 4f9948e8f1c4c454b9e81792f10a32ec, type: 3}
      propertyPath: m_StaticEditorFlags
      value: 4294967295
      objectReference: {fileID: 0}
    - target: {fileID: 3177489355881580965, guid: 4f9948e8f1c4c454b9e81792f10a32ec, type: 3}
      propertyPath: m_LocalPosition.x
      value: 0
      objectReference: {fileID: 0}
    - target: {fileID: 3177489355881580965, guid: 4f9948e8f1c4c454b9e81792f10a32ec, type: 3}
      propertyPath: m_LocalPosition.z
      value: 0
      objectReference: {fileID: 0}
    - target: {fileID: 6885832046363063544, guid: 4f9948e8f1c4c454b9e81792f10a32ec, type: 3}
      propertyPath: m_Name
      value: Wall_01 (5)
      objectReference: {fileID: 0}
    - target: {fileID: 6885832046363063544, guid: 4f9948e8f1c4c454b9e81792f10a32ec, type: 3}
      propertyPath: m_StaticEditorFlags
      value: 4294967295
      objectReference: {fileID: 0}
    m_RemovedComponents: []
  m_SourcePrefab: {fileID: 100100000, guid: 4f9948e8f1c4c454b9e81792f10a32ec, type: 3}
--- !u!4 &505411159346277483 stripped
Transform:
  m_CorrespondingSourceObject: {fileID: 1383524960798524568, guid: 4f9948e8f1c4c454b9e81792f10a32ec, type: 3}
  m_PrefabInstance: {fileID: 1454891767426066675}
  m_PrefabAsset: {fileID: 0}
--- !u!1001 &1454891767497482116
PrefabInstance:
  m_ObjectHideFlags: 0
  serializedVersion: 2
  m_Modification:
    m_TransformParent: {fileID: 1454891766798738084}
    m_Modifications:
    - target: {fileID: 1383524960798524568, guid: 4f9948e8f1c4c454b9e81792f10a32ec, type: 3}
      propertyPath: m_RootOrder
      value: 0
      objectReference: {fileID: 0}
    - target: {fileID: 1383524960798524568, guid: 4f9948e8f1c4c454b9e81792f10a32ec, type: 3}
      propertyPath: m_LocalPosition.x
      value: -13.049612
      objectReference: {fileID: 0}
    - target: {fileID: 1383524960798524568, guid: 4f9948e8f1c4c454b9e81792f10a32ec, type: 3}
      propertyPath: m_LocalPosition.y
      value: 6.6838646
      objectReference: {fileID: 0}
    - target: {fileID: 1383524960798524568, guid: 4f9948e8f1c4c454b9e81792f10a32ec, type: 3}
      propertyPath: m_LocalPosition.z
      value: -23.892328
      objectReference: {fileID: 0}
    - target: {fileID: 1383524960798524568, guid: 4f9948e8f1c4c454b9e81792f10a32ec, type: 3}
      propertyPath: m_LocalRotation.w
      value: 1
      objectReference: {fileID: 0}
    - target: {fileID: 1383524960798524568, guid: 4f9948e8f1c4c454b9e81792f10a32ec, type: 3}
      propertyPath: m_LocalRotation.x
      value: -0
      objectReference: {fileID: 0}
    - target: {fileID: 1383524960798524568, guid: 4f9948e8f1c4c454b9e81792f10a32ec, type: 3}
      propertyPath: m_LocalRotation.y
      value: -0
      objectReference: {fileID: 0}
    - target: {fileID: 1383524960798524568, guid: 4f9948e8f1c4c454b9e81792f10a32ec, type: 3}
      propertyPath: m_LocalRotation.z
      value: -0
      objectReference: {fileID: 0}
    - target: {fileID: 1383524960798524568, guid: 4f9948e8f1c4c454b9e81792f10a32ec, type: 3}
      propertyPath: m_LocalEulerAnglesHint.x
      value: 0
      objectReference: {fileID: 0}
    - target: {fileID: 1383524960798524568, guid: 4f9948e8f1c4c454b9e81792f10a32ec, type: 3}
      propertyPath: m_LocalEulerAnglesHint.y
      value: 0
      objectReference: {fileID: 0}
    - target: {fileID: 1383524960798524568, guid: 4f9948e8f1c4c454b9e81792f10a32ec, type: 3}
      propertyPath: m_LocalEulerAnglesHint.z
      value: 0
      objectReference: {fileID: 0}
    - target: {fileID: 3173993982226097777, guid: 4f9948e8f1c4c454b9e81792f10a32ec, type: 3}
      propertyPath: m_StaticEditorFlags
      value: 4294967295
      objectReference: {fileID: 0}
    - target: {fileID: 3177489355881580965, guid: 4f9948e8f1c4c454b9e81792f10a32ec, type: 3}
      propertyPath: m_LocalPosition.x
      value: 0
      objectReference: {fileID: 0}
    - target: {fileID: 3177489355881580965, guid: 4f9948e8f1c4c454b9e81792f10a32ec, type: 3}
      propertyPath: m_LocalPosition.z
      value: 0
      objectReference: {fileID: 0}
    - target: {fileID: 6885832046363063544, guid: 4f9948e8f1c4c454b9e81792f10a32ec, type: 3}
      propertyPath: m_Name
      value: Wall_01
      objectReference: {fileID: 0}
    - target: {fileID: 6885832046363063544, guid: 4f9948e8f1c4c454b9e81792f10a32ec, type: 3}
      propertyPath: m_StaticEditorFlags
      value: 4294967295
      objectReference: {fileID: 0}
    m_RemovedComponents: []
  m_SourcePrefab: {fileID: 100100000, guid: 4f9948e8f1c4c454b9e81792f10a32ec, type: 3}
--- !u!4 &505411159409269532 stripped
Transform:
  m_CorrespondingSourceObject: {fileID: 1383524960798524568, guid: 4f9948e8f1c4c454b9e81792f10a32ec, type: 3}
  m_PrefabInstance: {fileID: 1454891767497482116}
  m_PrefabAsset: {fileID: 0}
--- !u!1001 &1454891767544945415
PrefabInstance:
  m_ObjectHideFlags: 0
  serializedVersion: 2
  m_Modification:
    m_TransformParent: {fileID: 1454891766798738084}
    m_Modifications:
    - target: {fileID: 1383524960798524568, guid: 4f9948e8f1c4c454b9e81792f10a32ec, type: 3}
      propertyPath: m_RootOrder
      value: 5
      objectReference: {fileID: 0}
    - target: {fileID: 1383524960798524568, guid: 4f9948e8f1c4c454b9e81792f10a32ec, type: 3}
      propertyPath: m_LocalPosition.x
      value: -8.049612
      objectReference: {fileID: 0}
    - target: {fileID: 1383524960798524568, guid: 4f9948e8f1c4c454b9e81792f10a32ec, type: 3}
      propertyPath: m_LocalPosition.y
      value: 6.6838646
      objectReference: {fileID: 0}
    - target: {fileID: 1383524960798524568, guid: 4f9948e8f1c4c454b9e81792f10a32ec, type: 3}
      propertyPath: m_LocalPosition.z
      value: -8.892328
      objectReference: {fileID: 0}
    - target: {fileID: 1383524960798524568, guid: 4f9948e8f1c4c454b9e81792f10a32ec, type: 3}
      propertyPath: m_LocalRotation.w
      value: 0
      objectReference: {fileID: 0}
    - target: {fileID: 1383524960798524568, guid: 4f9948e8f1c4c454b9e81792f10a32ec, type: 3}
      propertyPath: m_LocalRotation.x
      value: -0
      objectReference: {fileID: 0}
    - target: {fileID: 1383524960798524568, guid: 4f9948e8f1c4c454b9e81792f10a32ec, type: 3}
      propertyPath: m_LocalRotation.y
      value: 1
      objectReference: {fileID: 0}
    - target: {fileID: 1383524960798524568, guid: 4f9948e8f1c4c454b9e81792f10a32ec, type: 3}
      propertyPath: m_LocalRotation.z
      value: -0
      objectReference: {fileID: 0}
    - target: {fileID: 1383524960798524568, guid: 4f9948e8f1c4c454b9e81792f10a32ec, type: 3}
      propertyPath: m_LocalEulerAnglesHint.x
      value: 0
      objectReference: {fileID: 0}
    - target: {fileID: 1383524960798524568, guid: 4f9948e8f1c4c454b9e81792f10a32ec, type: 3}
      propertyPath: m_LocalEulerAnglesHint.y
      value: 180
      objectReference: {fileID: 0}
    - target: {fileID: 1383524960798524568, guid: 4f9948e8f1c4c454b9e81792f10a32ec, type: 3}
      propertyPath: m_LocalEulerAnglesHint.z
      value: 0
      objectReference: {fileID: 0}
    - target: {fileID: 3173993982226097777, guid: 4f9948e8f1c4c454b9e81792f10a32ec, type: 3}
      propertyPath: m_StaticEditorFlags
      value: 4294967295
      objectReference: {fileID: 0}
    - target: {fileID: 3177489355881580965, guid: 4f9948e8f1c4c454b9e81792f10a32ec, type: 3}
      propertyPath: m_LocalPosition.x
      value: 0
      objectReference: {fileID: 0}
    - target: {fileID: 3177489355881580965, guid: 4f9948e8f1c4c454b9e81792f10a32ec, type: 3}
      propertyPath: m_LocalPosition.z
      value: 0
      objectReference: {fileID: 0}
    - target: {fileID: 6885832046363063544, guid: 4f9948e8f1c4c454b9e81792f10a32ec, type: 3}
      propertyPath: m_Name
      value: Wall_01 (6)
      objectReference: {fileID: 0}
    - target: {fileID: 6885832046363063544, guid: 4f9948e8f1c4c454b9e81792f10a32ec, type: 3}
      propertyPath: m_StaticEditorFlags
      value: 4294967295
      objectReference: {fileID: 0}
    m_RemovedComponents: []
  m_SourcePrefab: {fileID: 100100000, guid: 4f9948e8f1c4c454b9e81792f10a32ec, type: 3}
--- !u!4 &505411159396999071 stripped
Transform:
  m_CorrespondingSourceObject: {fileID: 1383524960798524568, guid: 4f9948e8f1c4c454b9e81792f10a32ec, type: 3}
  m_PrefabInstance: {fileID: 1454891767544945415}
  m_PrefabAsset: {fileID: 0}
--- !u!1001 &1454891767704091025
PrefabInstance:
  m_ObjectHideFlags: 0
  serializedVersion: 2
  m_Modification:
    m_TransformParent: {fileID: 1454891767503095462}
    m_Modifications:
    - target: {fileID: 1182560378374930, guid: ba8c17098e39a004d8754f7823b7bcc7, type: 3}
      propertyPath: m_Name
      value: SM_Bld_Floor_010 (4)
      objectReference: {fileID: 0}
    - target: {fileID: 1182560378374930, guid: ba8c17098e39a004d8754f7823b7bcc7, type: 3}
      propertyPath: m_StaticEditorFlags
      value: 4294967295
      objectReference: {fileID: 0}
    - target: {fileID: 4824984152862614, guid: ba8c17098e39a004d8754f7823b7bcc7, type: 3}
      propertyPath: m_RootOrder
      value: 4
      objectReference: {fileID: 0}
    - target: {fileID: 4824984152862614, guid: ba8c17098e39a004d8754f7823b7bcc7, type: 3}
      propertyPath: m_LocalPosition.x
      value: -5
      objectReference: {fileID: 0}
    - target: {fileID: 4824984152862614, guid: ba8c17098e39a004d8754f7823b7bcc7, type: 3}
      propertyPath: m_LocalPosition.y
      value: -1
      objectReference: {fileID: 0}
    - target: {fileID: 4824984152862614, guid: ba8c17098e39a004d8754f7823b7bcc7, type: 3}
      propertyPath: m_LocalPosition.z
      value: 5
      objectReference: {fileID: 0}
    - target: {fileID: 4824984152862614, guid: ba8c17098e39a004d8754f7823b7bcc7, type: 3}
      propertyPath: m_LocalRotation.w
      value: 1
      objectReference: {fileID: 0}
    - target: {fileID: 4824984152862614, guid: ba8c17098e39a004d8754f7823b7bcc7, type: 3}
      propertyPath: m_LocalRotation.x
      value: -0
      objectReference: {fileID: 0}
    - target: {fileID: 4824984152862614, guid: ba8c17098e39a004d8754f7823b7bcc7, type: 3}
      propertyPath: m_LocalRotation.y
      value: -0
      objectReference: {fileID: 0}
    - target: {fileID: 4824984152862614, guid: ba8c17098e39a004d8754f7823b7bcc7, type: 3}
      propertyPath: m_LocalRotation.z
      value: -0
      objectReference: {fileID: 0}
    - target: {fileID: 4824984152862614, guid: ba8c17098e39a004d8754f7823b7bcc7, type: 3}
      propertyPath: m_LocalEulerAnglesHint.x
      value: 0
      objectReference: {fileID: 0}
    - target: {fileID: 4824984152862614, guid: ba8c17098e39a004d8754f7823b7bcc7, type: 3}
      propertyPath: m_LocalEulerAnglesHint.y
      value: 0
      objectReference: {fileID: 0}
    - target: {fileID: 4824984152862614, guid: ba8c17098e39a004d8754f7823b7bcc7, type: 3}
      propertyPath: m_LocalEulerAnglesHint.z
      value: 0
      objectReference: {fileID: 0}
    m_RemovedComponents: []
  m_SourcePrefab: {fileID: 100100000, guid: ba8c17098e39a004d8754f7823b7bcc7, type: 3}
--- !u!4 &1450708932780496391 stripped
Transform:
  m_CorrespondingSourceObject: {fileID: 4824984152862614, guid: ba8c17098e39a004d8754f7823b7bcc7, type: 3}
  m_PrefabInstance: {fileID: 1454891767704091025}
  m_PrefabAsset: {fileID: 0}
--- !u!1001 &1454891767985617188
PrefabInstance:
  m_ObjectHideFlags: 0
  serializedVersion: 2
  m_Modification:
    m_TransformParent: {fileID: 1454891766798738084}
    m_Modifications:
    - target: {fileID: 1383524960798524568, guid: 4f9948e8f1c4c454b9e81792f10a32ec, type: 3}
      propertyPath: m_RootOrder
      value: 7
      objectReference: {fileID: 0}
    - target: {fileID: 1383524960798524568, guid: 4f9948e8f1c4c454b9e81792f10a32ec, type: 3}
      propertyPath: m_LocalPosition.x
      value: -18.049612
      objectReference: {fileID: 0}
    - target: {fileID: 1383524960798524568, guid: 4f9948e8f1c4c454b9e81792f10a32ec, type: 3}
      propertyPath: m_LocalPosition.y
      value: 6.6838646
      objectReference: {fileID: 0}
    - target: {fileID: 1383524960798524568, guid: 4f9948e8f1c4c454b9e81792f10a32ec, type: 3}
      propertyPath: m_LocalPosition.z
      value: -8.892328
      objectReference: {fileID: 0}
    - target: {fileID: 1383524960798524568, guid: 4f9948e8f1c4c454b9e81792f10a32ec, type: 3}
      propertyPath: m_LocalRotation.w
      value: 0
      objectReference: {fileID: 0}
    - target: {fileID: 1383524960798524568, guid: 4f9948e8f1c4c454b9e81792f10a32ec, type: 3}
      propertyPath: m_LocalRotation.x
      value: -0
      objectReference: {fileID: 0}
    - target: {fileID: 1383524960798524568, guid: 4f9948e8f1c4c454b9e81792f10a32ec, type: 3}
      propertyPath: m_LocalRotation.y
      value: 1
      objectReference: {fileID: 0}
    - target: {fileID: 1383524960798524568, guid: 4f9948e8f1c4c454b9e81792f10a32ec, type: 3}
      propertyPath: m_LocalRotation.z
      value: -0
      objectReference: {fileID: 0}
    - target: {fileID: 1383524960798524568, guid: 4f9948e8f1c4c454b9e81792f10a32ec, type: 3}
      propertyPath: m_LocalEulerAnglesHint.x
      value: 0
      objectReference: {fileID: 0}
    - target: {fileID: 1383524960798524568, guid: 4f9948e8f1c4c454b9e81792f10a32ec, type: 3}
      propertyPath: m_LocalEulerAnglesHint.y
      value: 180
      objectReference: {fileID: 0}
    - target: {fileID: 1383524960798524568, guid: 4f9948e8f1c4c454b9e81792f10a32ec, type: 3}
      propertyPath: m_LocalEulerAnglesHint.z
      value: 0
      objectReference: {fileID: 0}
    - target: {fileID: 3173993982226097777, guid: 4f9948e8f1c4c454b9e81792f10a32ec, type: 3}
      propertyPath: m_StaticEditorFlags
      value: 4294967295
      objectReference: {fileID: 0}
    - target: {fileID: 3177489355881580965, guid: 4f9948e8f1c4c454b9e81792f10a32ec, type: 3}
      propertyPath: m_LocalPosition.x
      value: 0
      objectReference: {fileID: 0}
    - target: {fileID: 3177489355881580965, guid: 4f9948e8f1c4c454b9e81792f10a32ec, type: 3}
      propertyPath: m_LocalPosition.z
      value: 0
      objectReference: {fileID: 0}
    - target: {fileID: 6885832046363063544, guid: 4f9948e8f1c4c454b9e81792f10a32ec, type: 3}
      propertyPath: m_Name
      value: Wall_01 (8)
      objectReference: {fileID: 0}
    - target: {fileID: 6885832046363063544, guid: 4f9948e8f1c4c454b9e81792f10a32ec, type: 3}
      propertyPath: m_StaticEditorFlags
      value: 4294967295
      objectReference: {fileID: 0}
    m_RemovedComponents: []
  m_SourcePrefab: {fileID: 100100000, guid: 4f9948e8f1c4c454b9e81792f10a32ec, type: 3}
--- !u!4 &505411160970132924 stripped
Transform:
  m_CorrespondingSourceObject: {fileID: 1383524960798524568, guid: 4f9948e8f1c4c454b9e81792f10a32ec, type: 3}
  m_PrefabInstance: {fileID: 1454891767985617188}
  m_PrefabAsset: {fileID: 0}
--- !u!1001 &1454891768072092957
PrefabInstance:
  m_ObjectHideFlags: 0
  serializedVersion: 2
  m_Modification:
    m_TransformParent: {fileID: 1454891767503095462}
    m_Modifications:
    - target: {fileID: 1182560378374930, guid: ba8c17098e39a004d8754f7823b7bcc7, type: 3}
      propertyPath: m_Name
      value: SM_Bld_Floor_010 (5)
      objectReference: {fileID: 0}
    - target: {fileID: 1182560378374930, guid: ba8c17098e39a004d8754f7823b7bcc7, type: 3}
      propertyPath: m_StaticEditorFlags
      value: 4294967295
      objectReference: {fileID: 0}
    - target: {fileID: 4824984152862614, guid: ba8c17098e39a004d8754f7823b7bcc7, type: 3}
      propertyPath: m_RootOrder
      value: 5
      objectReference: {fileID: 0}
    - target: {fileID: 4824984152862614, guid: ba8c17098e39a004d8754f7823b7bcc7, type: 3}
      propertyPath: m_LocalPosition.x
      value: -5
      objectReference: {fileID: 0}
    - target: {fileID: 4824984152862614, guid: ba8c17098e39a004d8754f7823b7bcc7, type: 3}
      propertyPath: m_LocalPosition.y
      value: -1
      objectReference: {fileID: 0}
    - target: {fileID: 4824984152862614, guid: ba8c17098e39a004d8754f7823b7bcc7, type: 3}
      propertyPath: m_LocalPosition.z
      value: 0
      objectReference: {fileID: 0}
    - target: {fileID: 4824984152862614, guid: ba8c17098e39a004d8754f7823b7bcc7, type: 3}
      propertyPath: m_LocalRotation.w
      value: 1
      objectReference: {fileID: 0}
    - target: {fileID: 4824984152862614, guid: ba8c17098e39a004d8754f7823b7bcc7, type: 3}
      propertyPath: m_LocalRotation.x
      value: -0
      objectReference: {fileID: 0}
    - target: {fileID: 4824984152862614, guid: ba8c17098e39a004d8754f7823b7bcc7, type: 3}
      propertyPath: m_LocalRotation.y
      value: -0
      objectReference: {fileID: 0}
    - target: {fileID: 4824984152862614, guid: ba8c17098e39a004d8754f7823b7bcc7, type: 3}
      propertyPath: m_LocalRotation.z
      value: -0
      objectReference: {fileID: 0}
    - target: {fileID: 4824984152862614, guid: ba8c17098e39a004d8754f7823b7bcc7, type: 3}
      propertyPath: m_LocalEulerAnglesHint.x
      value: 0
      objectReference: {fileID: 0}
    - target: {fileID: 4824984152862614, guid: ba8c17098e39a004d8754f7823b7bcc7, type: 3}
      propertyPath: m_LocalEulerAnglesHint.y
      value: 0
      objectReference: {fileID: 0}
    - target: {fileID: 4824984152862614, guid: ba8c17098e39a004d8754f7823b7bcc7, type: 3}
      propertyPath: m_LocalEulerAnglesHint.z
      value: 0
      objectReference: {fileID: 0}
    m_RemovedComponents: []
  m_SourcePrefab: {fileID: 100100000, guid: ba8c17098e39a004d8754f7823b7bcc7, type: 3}
--- !u!4 &1450708934156997259 stripped
Transform:
  m_CorrespondingSourceObject: {fileID: 4824984152862614, guid: ba8c17098e39a004d8754f7823b7bcc7, type: 3}
  m_PrefabInstance: {fileID: 1454891768072092957}
  m_PrefabAsset: {fileID: 0}
--- !u!1001 &1454891768259307067
PrefabInstance:
  m_ObjectHideFlags: 0
  serializedVersion: 2
  m_Modification:
    m_TransformParent: {fileID: 1454891766798738084}
    m_Modifications:
    - target: {fileID: 1383524960798524568, guid: 4f9948e8f1c4c454b9e81792f10a32ec, type: 3}
      propertyPath: m_RootOrder
      value: 8
      objectReference: {fileID: 0}
    - target: {fileID: 1383524960798524568, guid: 4f9948e8f1c4c454b9e81792f10a32ec, type: 3}
      propertyPath: m_LocalPosition.x
      value: -18.049612
      objectReference: {fileID: 0}
    - target: {fileID: 1383524960798524568, guid: 4f9948e8f1c4c454b9e81792f10a32ec, type: 3}
      propertyPath: m_LocalPosition.y
      value: 6.6838646
      objectReference: {fileID: 0}
    - target: {fileID: 1383524960798524568, guid: 4f9948e8f1c4c454b9e81792f10a32ec, type: 3}
      propertyPath: m_LocalPosition.z
      value: -13.892328
      objectReference: {fileID: 0}
    - target: {fileID: 1383524960798524568, guid: 4f9948e8f1c4c454b9e81792f10a32ec, type: 3}
      propertyPath: m_LocalRotation.w
      value: 0.7071068
      objectReference: {fileID: 0}
    - target: {fileID: 1383524960798524568, guid: 4f9948e8f1c4c454b9e81792f10a32ec, type: 3}
      propertyPath: m_LocalRotation.x
      value: -0
      objectReference: {fileID: 0}
    - target: {fileID: 1383524960798524568, guid: 4f9948e8f1c4c454b9e81792f10a32ec, type: 3}
      propertyPath: m_LocalRotation.y
      value: 0.7071068
      objectReference: {fileID: 0}
    - target: {fileID: 1383524960798524568, guid: 4f9948e8f1c4c454b9e81792f10a32ec, type: 3}
      propertyPath: m_LocalRotation.z
      value: -0
      objectReference: {fileID: 0}
    - target: {fileID: 1383524960798524568, guid: 4f9948e8f1c4c454b9e81792f10a32ec, type: 3}
      propertyPath: m_LocalEulerAnglesHint.x
      value: 0
      objectReference: {fileID: 0}
    - target: {fileID: 1383524960798524568, guid: 4f9948e8f1c4c454b9e81792f10a32ec, type: 3}
      propertyPath: m_LocalEulerAnglesHint.y
      value: 90
      objectReference: {fileID: 0}
    - target: {fileID: 1383524960798524568, guid: 4f9948e8f1c4c454b9e81792f10a32ec, type: 3}
      propertyPath: m_LocalEulerAnglesHint.z
      value: 0
      objectReference: {fileID: 0}
    - target: {fileID: 3173993982226097777, guid: 4f9948e8f1c4c454b9e81792f10a32ec, type: 3}
      propertyPath: m_StaticEditorFlags
      value: 4294967295
      objectReference: {fileID: 0}
    - target: {fileID: 3177489355881580965, guid: 4f9948e8f1c4c454b9e81792f10a32ec, type: 3}
      propertyPath: m_LocalPosition.x
      value: 0
      objectReference: {fileID: 0}
    - target: {fileID: 3177489355881580965, guid: 4f9948e8f1c4c454b9e81792f10a32ec, type: 3}
      propertyPath: m_LocalPosition.z
      value: 0
      objectReference: {fileID: 0}
    - target: {fileID: 6885832046363063544, guid: 4f9948e8f1c4c454b9e81792f10a32ec, type: 3}
      propertyPath: m_Name
      value: Wall_01 (9)
      objectReference: {fileID: 0}
    - target: {fileID: 6885832046363063544, guid: 4f9948e8f1c4c454b9e81792f10a32ec, type: 3}
      propertyPath: m_StaticEditorFlags
      value: 4294967295
      objectReference: {fileID: 0}
    m_RemovedComponents: []
  m_SourcePrefab: {fileID: 100100000, guid: 4f9948e8f1c4c454b9e81792f10a32ec, type: 3}
--- !u!4 &505411161252176547 stripped
Transform:
  m_CorrespondingSourceObject: {fileID: 1383524960798524568, guid: 4f9948e8f1c4c454b9e81792f10a32ec, type: 3}
  m_PrefabInstance: {fileID: 1454891768259307067}
  m_PrefabAsset: {fileID: 0}
--- !u!1001 &1454891768292465272
PrefabInstance:
  m_ObjectHideFlags: 0
  serializedVersion: 2
  m_Modification:
    m_TransformParent: {fileID: 1454891766798738084}
    m_Modifications:
    - target: {fileID: 1383524960798524568, guid: 4f9948e8f1c4c454b9e81792f10a32ec, type: 3}
      propertyPath: m_RootOrder
      value: 6
      objectReference: {fileID: 0}
    - target: {fileID: 1383524960798524568, guid: 4f9948e8f1c4c454b9e81792f10a32ec, type: 3}
      propertyPath: m_LocalPosition.x
      value: -13.049612
      objectReference: {fileID: 0}
    - target: {fileID: 1383524960798524568, guid: 4f9948e8f1c4c454b9e81792f10a32ec, type: 3}
      propertyPath: m_LocalPosition.y
      value: 6.6838646
      objectReference: {fileID: 0}
    - target: {fileID: 1383524960798524568, guid: 4f9948e8f1c4c454b9e81792f10a32ec, type: 3}
      propertyPath: m_LocalPosition.z
      value: -8.892328
      objectReference: {fileID: 0}
    - target: {fileID: 1383524960798524568, guid: 4f9948e8f1c4c454b9e81792f10a32ec, type: 3}
      propertyPath: m_LocalRotation.w
      value: 0
      objectReference: {fileID: 0}
    - target: {fileID: 1383524960798524568, guid: 4f9948e8f1c4c454b9e81792f10a32ec, type: 3}
      propertyPath: m_LocalRotation.x
      value: -0
      objectReference: {fileID: 0}
    - target: {fileID: 1383524960798524568, guid: 4f9948e8f1c4c454b9e81792f10a32ec, type: 3}
      propertyPath: m_LocalRotation.y
      value: 1
      objectReference: {fileID: 0}
    - target: {fileID: 1383524960798524568, guid: 4f9948e8f1c4c454b9e81792f10a32ec, type: 3}
      propertyPath: m_LocalRotation.z
      value: -0
      objectReference: {fileID: 0}
    - target: {fileID: 1383524960798524568, guid: 4f9948e8f1c4c454b9e81792f10a32ec, type: 3}
      propertyPath: m_LocalEulerAnglesHint.x
      value: 0
      objectReference: {fileID: 0}
    - target: {fileID: 1383524960798524568, guid: 4f9948e8f1c4c454b9e81792f10a32ec, type: 3}
      propertyPath: m_LocalEulerAnglesHint.y
      value: 180
      objectReference: {fileID: 0}
    - target: {fileID: 1383524960798524568, guid: 4f9948e8f1c4c454b9e81792f10a32ec, type: 3}
      propertyPath: m_LocalEulerAnglesHint.z
      value: 0
      objectReference: {fileID: 0}
    - target: {fileID: 3173993982226097777, guid: 4f9948e8f1c4c454b9e81792f10a32ec, type: 3}
      propertyPath: m_StaticEditorFlags
      value: 4294967295
      objectReference: {fileID: 0}
    - target: {fileID: 3177489355881580965, guid: 4f9948e8f1c4c454b9e81792f10a32ec, type: 3}
      propertyPath: m_LocalPosition.x
      value: 0
      objectReference: {fileID: 0}
    - target: {fileID: 3177489355881580965, guid: 4f9948e8f1c4c454b9e81792f10a32ec, type: 3}
      propertyPath: m_LocalPosition.z
      value: 0
      objectReference: {fileID: 0}
    - target: {fileID: 6885832046363063544, guid: 4f9948e8f1c4c454b9e81792f10a32ec, type: 3}
      propertyPath: m_Name
      value: Wall_01 (7)
      objectReference: {fileID: 0}
    - target: {fileID: 6885832046363063544, guid: 4f9948e8f1c4c454b9e81792f10a32ec, type: 3}
      propertyPath: m_StaticEditorFlags
      value: 4294967295
      objectReference: {fileID: 0}
    m_RemovedComponents: []
  m_SourcePrefab: {fileID: 100100000, guid: 4f9948e8f1c4c454b9e81792f10a32ec, type: 3}
--- !u!4 &505411161219276512 stripped
Transform:
  m_CorrespondingSourceObject: {fileID: 1383524960798524568, guid: 4f9948e8f1c4c454b9e81792f10a32ec, type: 3}
  m_PrefabInstance: {fileID: 1454891768292465272}
  m_PrefabAsset: {fileID: 0}
--- !u!1001 &1454891768414759388
PrefabInstance:
  m_ObjectHideFlags: 0
  serializedVersion: 2
  m_Modification:
    m_TransformParent: {fileID: 1454891766798738084}
    m_Modifications:
    - target: {fileID: 1383524960798524568, guid: 4f9948e8f1c4c454b9e81792f10a32ec, type: 3}
      propertyPath: m_RootOrder
      value: 2
      objectReference: {fileID: 0}
    - target: {fileID: 1383524960798524568, guid: 4f9948e8f1c4c454b9e81792f10a32ec, type: 3}
      propertyPath: m_LocalPosition.x
      value: -3.049612
      objectReference: {fileID: 0}
    - target: {fileID: 1383524960798524568, guid: 4f9948e8f1c4c454b9e81792f10a32ec, type: 3}
      propertyPath: m_LocalPosition.y
      value: 6.6838646
      objectReference: {fileID: 0}
    - target: {fileID: 1383524960798524568, guid: 4f9948e8f1c4c454b9e81792f10a32ec, type: 3}
      propertyPath: m_LocalPosition.z
      value: -18.892328
      objectReference: {fileID: 0}
    - target: {fileID: 1383524960798524568, guid: 4f9948e8f1c4c454b9e81792f10a32ec, type: 3}
      propertyPath: m_LocalRotation.w
      value: 0.7071068
      objectReference: {fileID: 0}
    - target: {fileID: 1383524960798524568, guid: 4f9948e8f1c4c454b9e81792f10a32ec, type: 3}
      propertyPath: m_LocalRotation.x
      value: -0
      objectReference: {fileID: 0}
    - target: {fileID: 1383524960798524568, guid: 4f9948e8f1c4c454b9e81792f10a32ec, type: 3}
      propertyPath: m_LocalRotation.y
      value: -0.7071068
      objectReference: {fileID: 0}
    - target: {fileID: 1383524960798524568, guid: 4f9948e8f1c4c454b9e81792f10a32ec, type: 3}
      propertyPath: m_LocalRotation.z
      value: -0
      objectReference: {fileID: 0}
    - target: {fileID: 1383524960798524568, guid: 4f9948e8f1c4c454b9e81792f10a32ec, type: 3}
      propertyPath: m_LocalEulerAnglesHint.x
      value: 0
      objectReference: {fileID: 0}
    - target: {fileID: 1383524960798524568, guid: 4f9948e8f1c4c454b9e81792f10a32ec, type: 3}
      propertyPath: m_LocalEulerAnglesHint.y
      value: -90
      objectReference: {fileID: 0}
    - target: {fileID: 1383524960798524568, guid: 4f9948e8f1c4c454b9e81792f10a32ec, type: 3}
      propertyPath: m_LocalEulerAnglesHint.z
      value: 0
      objectReference: {fileID: 0}
    - target: {fileID: 3173993982226097777, guid: 4f9948e8f1c4c454b9e81792f10a32ec, type: 3}
      propertyPath: m_StaticEditorFlags
      value: 4294967295
      objectReference: {fileID: 0}
    - target: {fileID: 3177489355881580965, guid: 4f9948e8f1c4c454b9e81792f10a32ec, type: 3}
      propertyPath: m_LocalPosition.x
      value: 0
      objectReference: {fileID: 0}
    - target: {fileID: 3177489355881580965, guid: 4f9948e8f1c4c454b9e81792f10a32ec, type: 3}
      propertyPath: m_LocalPosition.z
      value: 0
      objectReference: {fileID: 0}
    - target: {fileID: 6885832046363063544, guid: 4f9948e8f1c4c454b9e81792f10a32ec, type: 3}
      propertyPath: m_Name
      value: Wall_01 (3)
      objectReference: {fileID: 0}
    - target: {fileID: 6885832046363063544, guid: 4f9948e8f1c4c454b9e81792f10a32ec, type: 3}
      propertyPath: m_StaticEditorFlags
      value: 4294967295
      objectReference: {fileID: 0}
    m_RemovedComponents: []
  m_SourcePrefab: {fileID: 100100000, guid: 4f9948e8f1c4c454b9e81792f10a32ec, type: 3}
--- !u!4 &505411160267828548 stripped
Transform:
  m_CorrespondingSourceObject: {fileID: 1383524960798524568, guid: 4f9948e8f1c4c454b9e81792f10a32ec, type: 3}
  m_PrefabInstance: {fileID: 1454891768414759388}
  m_PrefabAsset: {fileID: 0}
--- !u!1001 &1454891768429022112
PrefabInstance:
  m_ObjectHideFlags: 0
  serializedVersion: 2
  m_Modification:
    m_TransformParent: {fileID: 1454891767503095462}
    m_Modifications:
    - target: {fileID: 1182560378374930, guid: ba8c17098e39a004d8754f7823b7bcc7, type: 3}
      propertyPath: m_Name
      value: SM_Bld_Floor_010 (2)
      objectReference: {fileID: 0}
    - target: {fileID: 1182560378374930, guid: ba8c17098e39a004d8754f7823b7bcc7, type: 3}
      propertyPath: m_StaticEditorFlags
      value: 4294967295
      objectReference: {fileID: 0}
    - target: {fileID: 4824984152862614, guid: ba8c17098e39a004d8754f7823b7bcc7, type: 3}
      propertyPath: m_RootOrder
      value: 2
      objectReference: {fileID: 0}
    - target: {fileID: 4824984152862614, guid: ba8c17098e39a004d8754f7823b7bcc7, type: 3}
      propertyPath: m_LocalPosition.x
      value: 5
      objectReference: {fileID: 0}
    - target: {fileID: 4824984152862614, guid: ba8c17098e39a004d8754f7823b7bcc7, type: 3}
      propertyPath: m_LocalPosition.y
      value: -1
      objectReference: {fileID: 0}
    - target: {fileID: 4824984152862614, guid: ba8c17098e39a004d8754f7823b7bcc7, type: 3}
      propertyPath: m_LocalPosition.z
      value: 5
      objectReference: {fileID: 0}
    - target: {fileID: 4824984152862614, guid: ba8c17098e39a004d8754f7823b7bcc7, type: 3}
      propertyPath: m_LocalRotation.w
      value: 1
      objectReference: {fileID: 0}
    - target: {fileID: 4824984152862614, guid: ba8c17098e39a004d8754f7823b7bcc7, type: 3}
      propertyPath: m_LocalRotation.x
      value: -0
      objectReference: {fileID: 0}
    - target: {fileID: 4824984152862614, guid: ba8c17098e39a004d8754f7823b7bcc7, type: 3}
      propertyPath: m_LocalRotation.y
      value: -0
      objectReference: {fileID: 0}
    - target: {fileID: 4824984152862614, guid: ba8c17098e39a004d8754f7823b7bcc7, type: 3}
      propertyPath: m_LocalRotation.z
      value: -0
      objectReference: {fileID: 0}
    - target: {fileID: 4824984152862614, guid: ba8c17098e39a004d8754f7823b7bcc7, type: 3}
      propertyPath: m_LocalEulerAnglesHint.x
      value: 0
      objectReference: {fileID: 0}
    - target: {fileID: 4824984152862614, guid: ba8c17098e39a004d8754f7823b7bcc7, type: 3}
      propertyPath: m_LocalEulerAnglesHint.y
      value: 0
      objectReference: {fileID: 0}
    - target: {fileID: 4824984152862614, guid: ba8c17098e39a004d8754f7823b7bcc7, type: 3}
      propertyPath: m_LocalEulerAnglesHint.z
      value: 0
      objectReference: {fileID: 0}
    m_RemovedComponents: []
  m_SourcePrefab: {fileID: 100100000, guid: ba8c17098e39a004d8754f7823b7bcc7, type: 3}
--- !u!4 &1450708933699200054 stripped
Transform:
  m_CorrespondingSourceObject: {fileID: 4824984152862614, guid: ba8c17098e39a004d8754f7823b7bcc7, type: 3}
  m_PrefabInstance: {fileID: 1454891768429022112}
  m_PrefabAsset: {fileID: 0}
--- !u!1001 &1454891768529015190
PrefabInstance:
  m_ObjectHideFlags: 0
  serializedVersion: 2
  m_Modification:
    m_TransformParent: {fileID: 1454891766798738084}
    m_Modifications:
    - target: {fileID: 1383524960798524568, guid: 4f9948e8f1c4c454b9e81792f10a32ec, type: 3}
      propertyPath: m_RootOrder
      value: 3
      objectReference: {fileID: 0}
    - target: {fileID: 1383524960798524568, guid: 4f9948e8f1c4c454b9e81792f10a32ec, type: 3}
      propertyPath: m_LocalPosition.x
      value: -3.049612
      objectReference: {fileID: 0}
    - target: {fileID: 1383524960798524568, guid: 4f9948e8f1c4c454b9e81792f10a32ec, type: 3}
      propertyPath: m_LocalPosition.y
      value: 6.6838646
      objectReference: {fileID: 0}
    - target: {fileID: 1383524960798524568, guid: 4f9948e8f1c4c454b9e81792f10a32ec, type: 3}
      propertyPath: m_LocalPosition.z
      value: -13.892328
      objectReference: {fileID: 0}
    - target: {fileID: 1383524960798524568, guid: 4f9948e8f1c4c454b9e81792f10a32ec, type: 3}
      propertyPath: m_LocalRotation.w
      value: 0.7071068
      objectReference: {fileID: 0}
    - target: {fileID: 1383524960798524568, guid: 4f9948e8f1c4c454b9e81792f10a32ec, type: 3}
      propertyPath: m_LocalRotation.x
      value: -0
      objectReference: {fileID: 0}
    - target: {fileID: 1383524960798524568, guid: 4f9948e8f1c4c454b9e81792f10a32ec, type: 3}
      propertyPath: m_LocalRotation.y
      value: -0.7071068
      objectReference: {fileID: 0}
    - target: {fileID: 1383524960798524568, guid: 4f9948e8f1c4c454b9e81792f10a32ec, type: 3}
      propertyPath: m_LocalRotation.z
      value: -0
      objectReference: {fileID: 0}
    - target: {fileID: 1383524960798524568, guid: 4f9948e8f1c4c454b9e81792f10a32ec, type: 3}
      propertyPath: m_LocalEulerAnglesHint.x
      value: 0
      objectReference: {fileID: 0}
    - target: {fileID: 1383524960798524568, guid: 4f9948e8f1c4c454b9e81792f10a32ec, type: 3}
      propertyPath: m_LocalEulerAnglesHint.y
      value: -90
      objectReference: {fileID: 0}
    - target: {fileID: 1383524960798524568, guid: 4f9948e8f1c4c454b9e81792f10a32ec, type: 3}
      propertyPath: m_LocalEulerAnglesHint.z
      value: 0
      objectReference: {fileID: 0}
    - target: {fileID: 3173993982226097777, guid: 4f9948e8f1c4c454b9e81792f10a32ec, type: 3}
      propertyPath: m_StaticEditorFlags
      value: 4294967295
      objectReference: {fileID: 0}
    - target: {fileID: 3177489355881580965, guid: 4f9948e8f1c4c454b9e81792f10a32ec, type: 3}
      propertyPath: m_LocalPosition.x
      value: 0
      objectReference: {fileID: 0}
    - target: {fileID: 3177489355881580965, guid: 4f9948e8f1c4c454b9e81792f10a32ec, type: 3}
      propertyPath: m_LocalPosition.z
      value: 0
      objectReference: {fileID: 0}
    - target: {fileID: 6885832046363063544, guid: 4f9948e8f1c4c454b9e81792f10a32ec, type: 3}
      propertyPath: m_Name
      value: Wall_01 (4)
      objectReference: {fileID: 0}
    - target: {fileID: 6885832046363063544, guid: 4f9948e8f1c4c454b9e81792f10a32ec, type: 3}
      propertyPath: m_StaticEditorFlags
      value: 4294967295
      objectReference: {fileID: 0}
    m_RemovedComponents: []
  m_SourcePrefab: {fileID: 100100000, guid: 4f9948e8f1c4c454b9e81792f10a32ec, type: 3}
--- !u!4 &505411160439756046 stripped
Transform:
  m_CorrespondingSourceObject: {fileID: 1383524960798524568, guid: 4f9948e8f1c4c454b9e81792f10a32ec, type: 3}
  m_PrefabInstance: {fileID: 1454891768529015190}
  m_PrefabAsset: {fileID: 0}
--- !u!1001 &1454891768699474737
PrefabInstance:
  m_ObjectHideFlags: 0
  serializedVersion: 2
  m_Modification:
    m_TransformParent: {fileID: 1454891767045096981}
    m_Modifications:
    - target: {fileID: 1856316353, guid: f9c23ad2ba535e14fbaee338d87eb970, type: 3}
      propertyPath: m_StaticEditorFlags
      value: 4294967295
      objectReference: {fileID: 0}
    - target: {fileID: 247579747621985283, guid: f9c23ad2ba535e14fbaee338d87eb970, type: 3}
      propertyPath: m_StaticEditorFlags
      value: 4294967295
      objectReference: {fileID: 0}
    - target: {fileID: 1281417465164881569, guid: f9c23ad2ba535e14fbaee338d87eb970, type: 3}
      propertyPath: m_StaticEditorFlags
      value: 4294967295
      objectReference: {fileID: 0}
    - target: {fileID: 3078624861400164244, guid: f9c23ad2ba535e14fbaee338d87eb970, type: 3}
      propertyPath: m_RootOrder
      value: 2
      objectReference: {fileID: 0}
    - target: {fileID: 3078624861400164244, guid: f9c23ad2ba535e14fbaee338d87eb970, type: 3}
      propertyPath: m_LocalPosition.x
      value: -2.5
      objectReference: {fileID: 0}
    - target: {fileID: 3078624861400164244, guid: f9c23ad2ba535e14fbaee338d87eb970, type: 3}
      propertyPath: m_LocalPosition.y
      value: 0.004559338
      objectReference: {fileID: 0}
    - target: {fileID: 3078624861400164244, guid: f9c23ad2ba535e14fbaee338d87eb970, type: 3}
      propertyPath: m_LocalPosition.z
      value: -2.3613052
      objectReference: {fileID: 0}
    - target: {fileID: 3078624861400164244, guid: f9c23ad2ba535e14fbaee338d87eb970, type: 3}
      propertyPath: m_LocalRotation.w
      value: 1
      objectReference: {fileID: 0}
    - target: {fileID: 3078624861400164244, guid: f9c23ad2ba535e14fbaee338d87eb970, type: 3}
      propertyPath: m_LocalRotation.x
      value: -0
      objectReference: {fileID: 0}
    - target: {fileID: 3078624861400164244, guid: f9c23ad2ba535e14fbaee338d87eb970, type: 3}
      propertyPath: m_LocalRotation.y
      value: -0
      objectReference: {fileID: 0}
    - target: {fileID: 3078624861400164244, guid: f9c23ad2ba535e14fbaee338d87eb970, type: 3}
      propertyPath: m_LocalRotation.z
      value: -0
      objectReference: {fileID: 0}
    - target: {fileID: 3078624861400164244, guid: f9c23ad2ba535e14fbaee338d87eb970, type: 3}
      propertyPath: m_LocalEulerAnglesHint.x
      value: 0
      objectReference: {fileID: 0}
    - target: {fileID: 3078624861400164244, guid: f9c23ad2ba535e14fbaee338d87eb970, type: 3}
      propertyPath: m_LocalEulerAnglesHint.y
      value: 0
      objectReference: {fileID: 0}
    - target: {fileID: 3078624861400164244, guid: f9c23ad2ba535e14fbaee338d87eb970, type: 3}
      propertyPath: m_LocalEulerAnglesHint.z
      value: 0
      objectReference: {fileID: 0}
    - target: {fileID: 5790777735851522610, guid: f9c23ad2ba535e14fbaee338d87eb970, type: 3}
      propertyPath: m_Name
      value: Door
      objectReference: {fileID: 0}
    - target: {fileID: 5790777735851522610, guid: f9c23ad2ba535e14fbaee338d87eb970, type: 3}
      propertyPath: m_StaticEditorFlags
      value: 4294967295
      objectReference: {fileID: 0}
    - target: {fileID: 8885770936913131592, guid: f9c23ad2ba535e14fbaee338d87eb970, type: 3}
      propertyPath: m_StaticEditorFlags
      value: 4294967295
      objectReference: {fileID: 0}
    - target: {fileID: 8886113498666767266, guid: f9c23ad2ba535e14fbaee338d87eb970, type: 3}
      propertyPath: m_StaticEditorFlags
      value: 4294967295
      objectReference: {fileID: 0}
    m_RemovedComponents: []
  m_SourcePrefab: {fileID: 100100000, guid: f9c23ad2ba535e14fbaee338d87eb970, type: 3}
--- !u!4 &4506319110460257445 stripped
Transform:
  m_CorrespondingSourceObject: {fileID: 3078624861400164244, guid: f9c23ad2ba535e14fbaee338d87eb970, type: 3}
  m_PrefabInstance: {fileID: 1454891768699474737}
  m_PrefabAsset: {fileID: 0}
--- !u!1001 &1454891768721382094
PrefabInstance:
  m_ObjectHideFlags: 0
  serializedVersion: 2
  m_Modification:
    m_TransformParent: {fileID: 1454891767503095462}
    m_Modifications:
    - target: {fileID: 1182560378374930, guid: ba8c17098e39a004d8754f7823b7bcc7, type: 3}
      propertyPath: m_Name
      value: SM_Bld_Floor_010 (1)
      objectReference: {fileID: 0}
    - target: {fileID: 1182560378374930, guid: ba8c17098e39a004d8754f7823b7bcc7, type: 3}
      propertyPath: m_StaticEditorFlags
      value: 4294967295
      objectReference: {fileID: 0}
    - target: {fileID: 4824984152862614, guid: ba8c17098e39a004d8754f7823b7bcc7, type: 3}
      propertyPath: m_RootOrder
      value: 1
      objectReference: {fileID: 0}
    - target: {fileID: 4824984152862614, guid: ba8c17098e39a004d8754f7823b7bcc7, type: 3}
      propertyPath: m_LocalPosition.x
      value: 5
      objectReference: {fileID: 0}
    - target: {fileID: 4824984152862614, guid: ba8c17098e39a004d8754f7823b7bcc7, type: 3}
      propertyPath: m_LocalPosition.y
      value: -1
      objectReference: {fileID: 0}
    - target: {fileID: 4824984152862614, guid: ba8c17098e39a004d8754f7823b7bcc7, type: 3}
      propertyPath: m_LocalPosition.z
      value: 0
      objectReference: {fileID: 0}
    - target: {fileID: 4824984152862614, guid: ba8c17098e39a004d8754f7823b7bcc7, type: 3}
      propertyPath: m_LocalRotation.w
      value: 1
      objectReference: {fileID: 0}
    - target: {fileID: 4824984152862614, guid: ba8c17098e39a004d8754f7823b7bcc7, type: 3}
      propertyPath: m_LocalRotation.x
      value: -0
      objectReference: {fileID: 0}
    - target: {fileID: 4824984152862614, guid: ba8c17098e39a004d8754f7823b7bcc7, type: 3}
      propertyPath: m_LocalRotation.y
      value: -0
      objectReference: {fileID: 0}
    - target: {fileID: 4824984152862614, guid: ba8c17098e39a004d8754f7823b7bcc7, type: 3}
      propertyPath: m_LocalRotation.z
      value: -0
      objectReference: {fileID: 0}
    - target: {fileID: 4824984152862614, guid: ba8c17098e39a004d8754f7823b7bcc7, type: 3}
      propertyPath: m_LocalEulerAnglesHint.x
      value: 0
      objectReference: {fileID: 0}
    - target: {fileID: 4824984152862614, guid: ba8c17098e39a004d8754f7823b7bcc7, type: 3}
      propertyPath: m_LocalEulerAnglesHint.y
      value: 0
      objectReference: {fileID: 0}
    - target: {fileID: 4824984152862614, guid: ba8c17098e39a004d8754f7823b7bcc7, type: 3}
      propertyPath: m_LocalEulerAnglesHint.z
      value: 0
      objectReference: {fileID: 0}
    m_RemovedComponents: []
  m_SourcePrefab: {fileID: 100100000, guid: ba8c17098e39a004d8754f7823b7bcc7, type: 3}
--- !u!4 &1450708934061815128 stripped
Transform:
  m_CorrespondingSourceObject: {fileID: 4824984152862614, guid: ba8c17098e39a004d8754f7823b7bcc7, type: 3}
  m_PrefabInstance: {fileID: 1454891768721382094}
  m_PrefabAsset: {fileID: 0}
--- !u!1001 &1454891768722001020
PrefabInstance:
  m_ObjectHideFlags: 0
  serializedVersion: 2
  m_Modification:
    m_TransformParent: {fileID: 1454891767503095462}
    m_Modifications:
    - target: {fileID: 1182560378374930, guid: ba8c17098e39a004d8754f7823b7bcc7, type: 3}
      propertyPath: m_Name
      value: SM_Bld_Floor_010 (3)
      objectReference: {fileID: 0}
    - target: {fileID: 1182560378374930, guid: ba8c17098e39a004d8754f7823b7bcc7, type: 3}
      propertyPath: m_StaticEditorFlags
      value: 4294967295
      objectReference: {fileID: 0}
    - target: {fileID: 4824984152862614, guid: ba8c17098e39a004d8754f7823b7bcc7, type: 3}
      propertyPath: m_RootOrder
      value: 3
      objectReference: {fileID: 0}
    - target: {fileID: 4824984152862614, guid: ba8c17098e39a004d8754f7823b7bcc7, type: 3}
      propertyPath: m_LocalPosition.x
      value: 0
      objectReference: {fileID: 0}
    - target: {fileID: 4824984152862614, guid: ba8c17098e39a004d8754f7823b7bcc7, type: 3}
      propertyPath: m_LocalPosition.y
      value: -1
      objectReference: {fileID: 0}
    - target: {fileID: 4824984152862614, guid: ba8c17098e39a004d8754f7823b7bcc7, type: 3}
      propertyPath: m_LocalPosition.z
      value: 5
      objectReference: {fileID: 0}
    - target: {fileID: 4824984152862614, guid: ba8c17098e39a004d8754f7823b7bcc7, type: 3}
      propertyPath: m_LocalRotation.w
      value: 1
      objectReference: {fileID: 0}
    - target: {fileID: 4824984152862614, guid: ba8c17098e39a004d8754f7823b7bcc7, type: 3}
      propertyPath: m_LocalRotation.x
      value: -0
      objectReference: {fileID: 0}
    - target: {fileID: 4824984152862614, guid: ba8c17098e39a004d8754f7823b7bcc7, type: 3}
      propertyPath: m_LocalRotation.y
      value: -0
      objectReference: {fileID: 0}
    - target: {fileID: 4824984152862614, guid: ba8c17098e39a004d8754f7823b7bcc7, type: 3}
      propertyPath: m_LocalRotation.z
      value: -0
      objectReference: {fileID: 0}
    - target: {fileID: 4824984152862614, guid: ba8c17098e39a004d8754f7823b7bcc7, type: 3}
      propertyPath: m_LocalEulerAnglesHint.x
      value: 0
      objectReference: {fileID: 0}
    - target: {fileID: 4824984152862614, guid: ba8c17098e39a004d8754f7823b7bcc7, type: 3}
      propertyPath: m_LocalEulerAnglesHint.y
      value: 0
      objectReference: {fileID: 0}
    - target: {fileID: 4824984152862614, guid: ba8c17098e39a004d8754f7823b7bcc7, type: 3}
      propertyPath: m_LocalEulerAnglesHint.z
      value: 0
      objectReference: {fileID: 0}
    m_RemovedComponents: []
  m_SourcePrefab: {fileID: 100100000, guid: ba8c17098e39a004d8754f7823b7bcc7, type: 3}
--- !u!4 &1450708934060598250 stripped
Transform:
  m_CorrespondingSourceObject: {fileID: 4824984152862614, guid: ba8c17098e39a004d8754f7823b7bcc7, type: 3}
  m_PrefabInstance: {fileID: 1454891768722001020}
  m_PrefabAsset: {fileID: 0}
--- !u!1001 &1454891768741036437
PrefabInstance:
  m_ObjectHideFlags: 0
  serializedVersion: 2
  m_Modification:
    m_TransformParent: {fileID: 1454891767503095462}
    m_Modifications:
    - target: {fileID: 1182560378374930, guid: ba8c17098e39a004d8754f7823b7bcc7, type: 3}
      propertyPath: m_Name
      value: SM_Bld_Floor_010
      objectReference: {fileID: 0}
    - target: {fileID: 1182560378374930, guid: ba8c17098e39a004d8754f7823b7bcc7, type: 3}
      propertyPath: m_StaticEditorFlags
      value: 4294967295
      objectReference: {fileID: 0}
    - target: {fileID: 4824984152862614, guid: ba8c17098e39a004d8754f7823b7bcc7, type: 3}
      propertyPath: m_RootOrder
      value: 0
      objectReference: {fileID: 0}
    - target: {fileID: 4824984152862614, guid: ba8c17098e39a004d8754f7823b7bcc7, type: 3}
      propertyPath: m_LocalPosition.x
      value: 0
      objectReference: {fileID: 0}
    - target: {fileID: 4824984152862614, guid: ba8c17098e39a004d8754f7823b7bcc7, type: 3}
      propertyPath: m_LocalPosition.y
      value: -1
      objectReference: {fileID: 0}
    - target: {fileID: 4824984152862614, guid: ba8c17098e39a004d8754f7823b7bcc7, type: 3}
      propertyPath: m_LocalPosition.z
      value: 0
      objectReference: {fileID: 0}
    - target: {fileID: 4824984152862614, guid: ba8c17098e39a004d8754f7823b7bcc7, type: 3}
      propertyPath: m_LocalRotation.w
      value: 1
      objectReference: {fileID: 0}
    - target: {fileID: 4824984152862614, guid: ba8c17098e39a004d8754f7823b7bcc7, type: 3}
      propertyPath: m_LocalRotation.x
      value: -0
      objectReference: {fileID: 0}
    - target: {fileID: 4824984152862614, guid: ba8c17098e39a004d8754f7823b7bcc7, type: 3}
      propertyPath: m_LocalRotation.y
      value: -0
      objectReference: {fileID: 0}
    - target: {fileID: 4824984152862614, guid: ba8c17098e39a004d8754f7823b7bcc7, type: 3}
      propertyPath: m_LocalRotation.z
      value: -0
      objectReference: {fileID: 0}
    - target: {fileID: 4824984152862614, guid: ba8c17098e39a004d8754f7823b7bcc7, type: 3}
      propertyPath: m_LocalEulerAnglesHint.x
      value: 0
      objectReference: {fileID: 0}
    - target: {fileID: 4824984152862614, guid: ba8c17098e39a004d8754f7823b7bcc7, type: 3}
      propertyPath: m_LocalEulerAnglesHint.y
      value: 0
      objectReference: {fileID: 0}
    - target: {fileID: 4824984152862614, guid: ba8c17098e39a004d8754f7823b7bcc7, type: 3}
      propertyPath: m_LocalEulerAnglesHint.z
      value: 0
      objectReference: {fileID: 0}
    m_RemovedComponents: []
  m_SourcePrefab: {fileID: 100100000, guid: ba8c17098e39a004d8754f7823b7bcc7, type: 3}
--- !u!4 &1450708934008073731 stripped
Transform:
  m_CorrespondingSourceObject: {fileID: 4824984152862614, guid: ba8c17098e39a004d8754f7823b7bcc7, type: 3}
  m_PrefabInstance: {fileID: 1454891768741036437}
  m_PrefabAsset: {fileID: 0}
--- !u!1001 &1454891768748325207
PrefabInstance:
  m_ObjectHideFlags: 0
  serializedVersion: 2
  m_Modification:
    m_TransformParent: {fileID: 1454891766798738084}
    m_Modifications:
    - target: {fileID: 1383524960798524568, guid: 4f9948e8f1c4c454b9e81792f10a32ec, type: 3}
      propertyPath: m_RootOrder
      value: 1
      objectReference: {fileID: 0}
    - target: {fileID: 1383524960798524568, guid: 4f9948e8f1c4c454b9e81792f10a32ec, type: 3}
      propertyPath: m_LocalPosition.x
      value: -3.049612
      objectReference: {fileID: 0}
    - target: {fileID: 1383524960798524568, guid: 4f9948e8f1c4c454b9e81792f10a32ec, type: 3}
      propertyPath: m_LocalPosition.y
      value: 6.6838646
      objectReference: {fileID: 0}
    - target: {fileID: 1383524960798524568, guid: 4f9948e8f1c4c454b9e81792f10a32ec, type: 3}
      propertyPath: m_LocalPosition.z
      value: -23.892328
      objectReference: {fileID: 0}
    - target: {fileID: 1383524960798524568, guid: 4f9948e8f1c4c454b9e81792f10a32ec, type: 3}
      propertyPath: m_LocalRotation.w
      value: 1
      objectReference: {fileID: 0}
    - target: {fileID: 1383524960798524568, guid: 4f9948e8f1c4c454b9e81792f10a32ec, type: 3}
      propertyPath: m_LocalRotation.x
      value: -0
      objectReference: {fileID: 0}
    - target: {fileID: 1383524960798524568, guid: 4f9948e8f1c4c454b9e81792f10a32ec, type: 3}
      propertyPath: m_LocalRotation.y
      value: -0
      objectReference: {fileID: 0}
    - target: {fileID: 1383524960798524568, guid: 4f9948e8f1c4c454b9e81792f10a32ec, type: 3}
      propertyPath: m_LocalRotation.z
      value: -0
      objectReference: {fileID: 0}
    - target: {fileID: 1383524960798524568, guid: 4f9948e8f1c4c454b9e81792f10a32ec, type: 3}
      propertyPath: m_LocalEulerAnglesHint.x
      value: 0
      objectReference: {fileID: 0}
    - target: {fileID: 1383524960798524568, guid: 4f9948e8f1c4c454b9e81792f10a32ec, type: 3}
      propertyPath: m_LocalEulerAnglesHint.y
      value: 0
      objectReference: {fileID: 0}
    - target: {fileID: 1383524960798524568, guid: 4f9948e8f1c4c454b9e81792f10a32ec, type: 3}
      propertyPath: m_LocalEulerAnglesHint.z
      value: 0
      objectReference: {fileID: 0}
    - target: {fileID: 3173993982226097777, guid: 4f9948e8f1c4c454b9e81792f10a32ec, type: 3}
      propertyPath: m_StaticEditorFlags
      value: 4294967295
      objectReference: {fileID: 0}
    - target: {fileID: 3177489355881580965, guid: 4f9948e8f1c4c454b9e81792f10a32ec, type: 3}
      propertyPath: m_LocalPosition.x
      value: 0
      objectReference: {fileID: 0}
    - target: {fileID: 3177489355881580965, guid: 4f9948e8f1c4c454b9e81792f10a32ec, type: 3}
      propertyPath: m_LocalPosition.z
      value: 0
      objectReference: {fileID: 0}
    - target: {fileID: 6885832046363063544, guid: 4f9948e8f1c4c454b9e81792f10a32ec, type: 3}
      propertyPath: m_Name
      value: Wall_01 (2)
      objectReference: {fileID: 0}
    - target: {fileID: 6885832046363063544, guid: 4f9948e8f1c4c454b9e81792f10a32ec, type: 3}
      propertyPath: m_StaticEditorFlags
      value: 4294967295
      objectReference: {fileID: 0}
    m_RemovedComponents: []
  m_SourcePrefab: {fileID: 100100000, guid: 4f9948e8f1c4c454b9e81792f10a32ec, type: 3}
--- !u!4 &505411160593038799 stripped
Transform:
  m_CorrespondingSourceObject: {fileID: 1383524960798524568, guid: 4f9948e8f1c4c454b9e81792f10a32ec, type: 3}
  m_PrefabInstance: {fileID: 1454891768748325207}
  m_PrefabAsset: {fileID: 0}
