%YAML 1.1
%TAG !u! tag:unity3d.com,2011:
--- !u!1 &5906956002151504854
GameObject:
  m_ObjectHideFlags: 0
  m_CorrespondingSourceObject: {fileID: 0}
  m_PrefabInstance: {fileID: 0}
  m_PrefabAsset: {fileID: 0}
  serializedVersion: 6
  m_Component:
  - component: {fileID: 5906956002151504853}
  m_Layer: 0
  m_Name: Room3x1
  m_TagString: Untagged
  m_Icon: {fileID: 0}
  m_NavMeshLayer: 0
  m_StaticEditorFlags: 4294967295
  m_IsActive: 1
--- !u!4 &5906956002151504853
Transform:
  m_ObjectHideFlags: 0
  m_CorrespondingSourceObject: {fileID: 0}
  m_PrefabInstance: {fileID: 0}
  m_PrefabAsset: {fileID: 0}
  m_GameObject: {fileID: 5906956002151504854}
  m_LocalRotation: {x: 0, y: 0, z: 0, w: 1}
  m_LocalPosition: {x: 0, y: 0, z: 0}
  m_LocalScale: {x: 1, y: 1, z: 1}
  m_Children:
  - {fileID: 5906956003715219884}
  - {fileID: 5906956002585999707}
  - {fileID: 8881309778798068072}
  - {fileID: 2623044443089740770}
  m_Father: {fileID: 0}
  m_RootOrder: 0
  m_LocalEulerAnglesHint: {x: 0, y: 0, z: 0}
--- !u!1 &5906956002585999708
GameObject:
  m_ObjectHideFlags: 0
  m_CorrespondingSourceObject: {fileID: 0}
  m_PrefabInstance: {fileID: 0}
  m_PrefabAsset: {fileID: 0}
  serializedVersion: 6
  m_Component:
  - component: {fileID: 5906956002585999707}
  m_Layer: 0
  m_Name: Walls
  m_TagString: Untagged
  m_Icon: {fileID: 0}
  m_NavMeshLayer: 0
  m_StaticEditorFlags: 4294967295
  m_IsActive: 1
--- !u!4 &5906956002585999707
Transform:
  m_ObjectHideFlags: 0
  m_CorrespondingSourceObject: {fileID: 0}
  m_PrefabInstance: {fileID: 0}
  m_PrefabAsset: {fileID: 0}
  m_GameObject: {fileID: 5906956002585999708}
  m_LocalRotation: {x: -0, y: -0, z: -0, w: 1}
  m_LocalPosition: {x: 0, y: 0, z: 0}
  m_LocalScale: {x: 1, y: 1, z: 1}
  m_Children:
  - {fileID: 4812938080805643926}
  - {fileID: 4812938081675875416}
  - {fileID: 4812938080127103282}
  - {fileID: 4812938080446370781}
  - {fileID: 4812938081706221300}
  - {fileID: 4812938081819906262}
  - {fileID: 4812938081738693039}
  m_Father: {fileID: 5906956002151504853}
  m_RootOrder: 1
  m_LocalEulerAnglesHint: {x: 0, y: 0, z: 0}
--- !u!1 &5906956003715219885
GameObject:
  m_ObjectHideFlags: 0
  m_CorrespondingSourceObject: {fileID: 0}
  m_PrefabInstance: {fileID: 0}
  m_PrefabAsset: {fileID: 0}
  serializedVersion: 6
  m_Component:
  - component: {fileID: 5906956003715219884}
  m_Layer: 0
  m_Name: Floors
  m_TagString: Untagged
  m_Icon: {fileID: 0}
  m_NavMeshLayer: 0
  m_StaticEditorFlags: 4294967295
  m_IsActive: 1
--- !u!4 &5906956003715219884
Transform:
  m_ObjectHideFlags: 0
  m_CorrespondingSourceObject: {fileID: 0}
  m_PrefabInstance: {fileID: 0}
  m_PrefabAsset: {fileID: 0}
  m_GameObject: {fileID: 5906956003715219885}
  m_LocalRotation: {x: -0, y: -0, z: -0, w: 1}
  m_LocalPosition: {x: 0, y: 0, z: 0}
  m_LocalScale: {x: 1, y: 1, z: 1}
  m_Children:
  - {fileID: 5902140467973834719}
  - {fileID: 5902140468486148022}
  - {fileID: 5902140467951067125}
  m_Father: {fileID: 5906956002151504853}
  m_RootOrder: 0
  m_LocalEulerAnglesHint: {x: 0, y: 0, z: 0}
--- !u!1 &9188755944816792530
GameObject:
  m_ObjectHideFlags: 0
  m_CorrespondingSourceObject: {fileID: 0}
  m_PrefabInstance: {fileID: 0}
  m_PrefabAsset: {fileID: 0}
  serializedVersion: 6
  m_Component:
  - component: {fileID: 2623044443089740770}
  m_Layer: 0
  m_Name: Props
  m_TagString: Untagged
  m_Icon: {fileID: 0}
  m_NavMeshLayer: 0
  m_StaticEditorFlags: 4294967295
  m_IsActive: 1
--- !u!4 &2623044443089740770
Transform:
  m_ObjectHideFlags: 0
  m_CorrespondingSourceObject: {fileID: 0}
  m_PrefabInstance: {fileID: 0}
  m_PrefabAsset: {fileID: 0}
  m_GameObject: {fileID: 9188755944816792530}
  m_LocalRotation: {x: 0, y: 0, z: 0, w: 1}
  m_LocalPosition: {x: 0, y: 0, z: 0}
  m_LocalScale: {x: 1, y: 1, z: 1}
  m_Children:
  - {fileID: 3599267810450427173}
  - {fileID: 5925091872394906604}
  - {fileID: 718893857385188906}
  - {fileID: 379898126290405806}
  - {fileID: 5364762883708331070}
  m_Father: {fileID: 5906956002151504853}
  m_RootOrder: 3
  m_LocalEulerAnglesHint: {x: 0, y: 0, z: 0}
--- !u!1001 &1750879955312618321
PrefabInstance:
  m_ObjectHideFlags: 0
  serializedVersion: 2
  m_Modification:
    m_TransformParent: {fileID: 2623044443089740770}
    m_Modifications:
    - target: {fileID: 2263653549853232557, guid: b33196510cb684343ab4916360c92b5b, type: 3}
      propertyPath: m_StaticEditorFlags
      value: 4294967295
      objectReference: {fileID: 0}
    - target: {fileID: 2742420308607797032, guid: b33196510cb684343ab4916360c92b5b, type: 3}
      propertyPath: m_StaticEditorFlags
      value: 4294967295
      objectReference: {fileID: 0}
    - target: {fileID: 3006671650029624814, guid: b33196510cb684343ab4916360c92b5b, type: 3}
      propertyPath: m_StaticEditorFlags
      value: 4294967295
      objectReference: {fileID: 0}
    - target: {fileID: 3006784168055256105, guid: b33196510cb684343ab4916360c92b5b, type: 3}
      propertyPath: m_StaticEditorFlags
      value: 4294967295
      objectReference: {fileID: 0}
    - target: {fileID: 3006813727730899588, guid: b33196510cb684343ab4916360c92b5b, type: 3}
      propertyPath: m_StaticEditorFlags
      value: 4294967295
      objectReference: {fileID: 0}
    - target: {fileID: 3006923594657374323, guid: b33196510cb684343ab4916360c92b5b, type: 3}
      propertyPath: m_StaticEditorFlags
      value: 4294967295
      objectReference: {fileID: 0}
    - target: {fileID: 3007483558292905847, guid: b33196510cb684343ab4916360c92b5b, type: 3}
      propertyPath: m_StaticEditorFlags
      value: 4294967295
      objectReference: {fileID: 0}
    - target: {fileID: 3007511046766213494, guid: b33196510cb684343ab4916360c92b5b, type: 3}
      propertyPath: m_StaticEditorFlags
      value: 4294967295
      objectReference: {fileID: 0}
    - target: {fileID: 3007518934349763531, guid: b33196510cb684343ab4916360c92b5b, type: 3}
      propertyPath: m_StaticEditorFlags
      value: 4294967295
      objectReference: {fileID: 0}
    - target: {fileID: 3008205582590535284, guid: b33196510cb684343ab4916360c92b5b, type: 3}
      propertyPath: m_RootOrder
      value: 0
      objectReference: {fileID: 0}
    - target: {fileID: 3008205582590535284, guid: b33196510cb684343ab4916360c92b5b, type: 3}
      propertyPath: m_LocalPosition.x
      value: -10
      objectReference: {fileID: 0}
    - target: {fileID: 3008205582590535284, guid: b33196510cb684343ab4916360c92b5b, type: 3}
      propertyPath: m_LocalPosition.y
      value: 0
      objectReference: {fileID: 0}
    - target: {fileID: 3008205582590535284, guid: b33196510cb684343ab4916360c92b5b, type: 3}
      propertyPath: m_LocalPosition.z
      value: 0
      objectReference: {fileID: 0}
    - target: {fileID: 3008205582590535284, guid: b33196510cb684343ab4916360c92b5b, type: 3}
      propertyPath: m_LocalRotation.w
      value: 0.7071068
      objectReference: {fileID: 0}
    - target: {fileID: 3008205582590535284, guid: b33196510cb684343ab4916360c92b5b, type: 3}
      propertyPath: m_LocalRotation.x
      value: 0
      objectReference: {fileID: 0}
    - target: {fileID: 3008205582590535284, guid: b33196510cb684343ab4916360c92b5b, type: 3}
      propertyPath: m_LocalRotation.y
      value: -0.7071068
      objectReference: {fileID: 0}
    - target: {fileID: 3008205582590535284, guid: b33196510cb684343ab4916360c92b5b, type: 3}
      propertyPath: m_LocalRotation.z
      value: 0
      objectReference: {fileID: 0}
    - target: {fileID: 3008205582590535284, guid: b33196510cb684343ab4916360c92b5b, type: 3}
      propertyPath: m_LocalEulerAnglesHint.x
      value: 0
      objectReference: {fileID: 0}
    - target: {fileID: 3008205582590535284, guid: b33196510cb684343ab4916360c92b5b, type: 3}
      propertyPath: m_LocalEulerAnglesHint.y
      value: -90
      objectReference: {fileID: 0}
    - target: {fileID: 3008205582590535284, guid: b33196510cb684343ab4916360c92b5b, type: 3}
      propertyPath: m_LocalEulerAnglesHint.z
      value: 0
      objectReference: {fileID: 0}
    - target: {fileID: 3008205582590535285, guid: b33196510cb684343ab4916360c92b5b, type: 3}
      propertyPath: m_Name
      value: Bureau(1)
      objectReference: {fileID: 0}
    - target: {fileID: 3008205582590535285, guid: b33196510cb684343ab4916360c92b5b, type: 3}
      propertyPath: m_StaticEditorFlags
      value: 4294967295
      objectReference: {fileID: 0}
    - target: {fileID: 4431645205537523669, guid: b33196510cb684343ab4916360c92b5b, type: 3}
      propertyPath: m_StaticEditorFlags
      value: 4294967295
      objectReference: {fileID: 0}
    - target: {fileID: 4551156580686874387, guid: b33196510cb684343ab4916360c92b5b, type: 3}
      propertyPath: m_StaticEditorFlags
      value: 4294967295
      objectReference: {fileID: 0}
    - target: {fileID: 4552366288926938833, guid: b33196510cb684343ab4916360c92b5b, type: 3}
      propertyPath: m_StaticEditorFlags
      value: 4294967295
      objectReference: {fileID: 0}
    - target: {fileID: 4552378068364410355, guid: b33196510cb684343ab4916360c92b5b, type: 3}
      propertyPath: m_StaticEditorFlags
      value: 4294967295
      objectReference: {fileID: 0}
    - target: {fileID: 4552387157679255732, guid: b33196510cb684343ab4916360c92b5b, type: 3}
      propertyPath: m_StaticEditorFlags
      value: 4294967295
      objectReference: {fileID: 0}
    - target: {fileID: 4552387159438780142, guid: b33196510cb684343ab4916360c92b5b, type: 3}
      propertyPath: m_StaticEditorFlags
      value: 4294967295
      objectReference: {fileID: 0}
    - target: {fileID: 4552427438264946163, guid: b33196510cb684343ab4916360c92b5b, type: 3}
      propertyPath: m_StaticEditorFlags
      value: 4294967295
      objectReference: {fileID: 0}
    - target: {fileID: 4552427439091297077, guid: b33196510cb684343ab4916360c92b5b, type: 3}
      propertyPath: m_StaticEditorFlags
      value: 4294967295
      objectReference: {fileID: 0}
    - target: {fileID: 4552455076825843979, guid: b33196510cb684343ab4916360c92b5b, type: 3}
      propertyPath: m_StaticEditorFlags
      value: 4294967295
      objectReference: {fileID: 0}
    - target: {fileID: 4552455077699303624, guid: b33196510cb684343ab4916360c92b5b, type: 3}
      propertyPath: m_StaticEditorFlags
      value: 4294967295
      objectReference: {fileID: 0}
    - target: {fileID: 4552499885582671754, guid: b33196510cb684343ab4916360c92b5b, type: 3}
      propertyPath: m_StaticEditorFlags
      value: 4294967295
      objectReference: {fileID: 0}
    - target: {fileID: 4552599699335176761, guid: b33196510cb684343ab4916360c92b5b, type: 3}
      propertyPath: m_StaticEditorFlags
      value: 4294967295
      objectReference: {fileID: 0}
    - target: {fileID: 4552599699448543253, guid: b33196510cb684343ab4916360c92b5b, type: 3}
      propertyPath: m_StaticEditorFlags
      value: 4294967295
      objectReference: {fileID: 0}
    - target: {fileID: 4552802481762976345, guid: b33196510cb684343ab4916360c92b5b, type: 3}
      propertyPath: m_StaticEditorFlags
      value: 4294967295
      objectReference: {fileID: 0}
    - target: {fileID: 4553087744741753415, guid: b33196510cb684343ab4916360c92b5b, type: 3}
      propertyPath: m_StaticEditorFlags
      value: 4294967295
      objectReference: {fileID: 0}
    - target: {fileID: 7050721937582619932, guid: b33196510cb684343ab4916360c92b5b, type: 3}
      propertyPath: m_StaticEditorFlags
      value: 4294967295
      objectReference: {fileID: 0}
    - target: {fileID: 7050756216500499744, guid: b33196510cb684343ab4916360c92b5b, type: 3}
      propertyPath: m_StaticEditorFlags
      value: 4294967295
      objectReference: {fileID: 0}
    - target: {fileID: 7050854638698924009, guid: b33196510cb684343ab4916360c92b5b, type: 3}
      propertyPath: m_StaticEditorFlags
      value: 4294967295
      objectReference: {fileID: 0}
    - target: {fileID: 7050877706887411987, guid: b33196510cb684343ab4916360c92b5b, type: 3}
      propertyPath: m_StaticEditorFlags
      value: 4294967295
      objectReference: {fileID: 0}
    - target: {fileID: 7050877707366541230, guid: b33196510cb684343ab4916360c92b5b, type: 3}
      propertyPath: m_StaticEditorFlags
      value: 4294967295
      objectReference: {fileID: 0}
    - target: {fileID: 7050886823610934133, guid: b33196510cb684343ab4916360c92b5b, type: 3}
      propertyPath: m_StaticEditorFlags
      value: 4294967295
      objectReference: {fileID: 0}
    - target: {fileID: 7050922781520932785, guid: b33196510cb684343ab4916360c92b5b, type: 3}
      propertyPath: m_StaticEditorFlags
      value: 4294967295
      objectReference: {fileID: 0}
    - target: {fileID: 7051213440019552209, guid: b33196510cb684343ab4916360c92b5b, type: 3}
      propertyPath: m_StaticEditorFlags
      value: 4294967295
      objectReference: {fileID: 0}
    - target: {fileID: 7051228149910189143, guid: b33196510cb684343ab4916360c92b5b, type: 3}
      propertyPath: m_StaticEditorFlags
      value: 4294967295
      objectReference: {fileID: 0}
    - target: {fileID: 7051228150748835691, guid: b33196510cb684343ab4916360c92b5b, type: 3}
      propertyPath: m_StaticEditorFlags
      value: 4294967295
      objectReference: {fileID: 0}
    - target: {fileID: 8937728748125080793, guid: b33196510cb684343ab4916360c92b5b, type: 3}
      propertyPath: m_StaticEditorFlags
      value: 4294967295
      objectReference: {fileID: 0}
    - target: {fileID: 8937769221677005743, guid: b33196510cb684343ab4916360c92b5b, type: 3}
      propertyPath: m_StaticEditorFlags
      value: 4294967295
      objectReference: {fileID: 0}
    - target: {fileID: 8937769222086995957, guid: b33196510cb684343ab4916360c92b5b, type: 3}
      propertyPath: m_StaticEditorFlags
      value: 4294967295
      objectReference: {fileID: 0}
    - target: {fileID: 8937814038997920074, guid: b33196510cb684343ab4916360c92b5b, type: 3}
      propertyPath: m_StaticEditorFlags
      value: 4294967295
      objectReference: {fileID: 0}
    - target: {fileID: 8937814040043384632, guid: b33196510cb684343ab4916360c92b5b, type: 3}
      propertyPath: m_StaticEditorFlags
      value: 4294967295
      objectReference: {fileID: 0}
    - target: {fileID: 8937821171542259264, guid: b33196510cb684343ab4916360c92b5b, type: 3}
      propertyPath: m_StaticEditorFlags
      value: 4294967295
      objectReference: {fileID: 0}
    - target: {fileID: 8937833286701138137, guid: b33196510cb684343ab4916360c92b5b, type: 3}
      propertyPath: m_StaticEditorFlags
      value: 4294967295
      objectReference: {fileID: 0}
    - target: {fileID: 8937833287312141408, guid: b33196510cb684343ab4916360c92b5b, type: 3}
      propertyPath: m_StaticEditorFlags
      value: 4294967295
      objectReference: {fileID: 0}
    - target: {fileID: 8937882364529766968, guid: b33196510cb684343ab4916360c92b5b, type: 3}
      propertyPath: m_StaticEditorFlags
      value: 4294967295
      objectReference: {fileID: 0}
    - target: {fileID: 8937882365106771050, guid: b33196510cb684343ab4916360c92b5b, type: 3}
      propertyPath: m_StaticEditorFlags
      value: 4294967295
      objectReference: {fileID: 0}
    - target: {fileID: 8937926214491581867, guid: b33196510cb684343ab4916360c92b5b, type: 3}
      propertyPath: m_StaticEditorFlags
      value: 4294967295
      objectReference: {fileID: 0}
    - target: {fileID: 8937967101876342800, guid: b33196510cb684343ab4916360c92b5b, type: 3}
      propertyPath: m_StaticEditorFlags
      value: 4294967295
      objectReference: {fileID: 0}
    - target: {fileID: 8938201242671854598, guid: b33196510cb684343ab4916360c92b5b, type: 3}
      propertyPath: m_StaticEditorFlags
      value: 4294967295
      objectReference: {fileID: 0}
    m_RemovedComponents: []
  m_SourcePrefab: {fileID: 100100000, guid: b33196510cb684343ab4916360c92b5b, type: 3}
--- !u!4 &3599267810450427173 stripped
Transform:
  m_CorrespondingSourceObject: {fileID: 3008205582590535284, guid: b33196510cb684343ab4916360c92b5b, type: 3}
  m_PrefabInstance: {fileID: 1750879955312618321}
  m_PrefabAsset: {fileID: 0}
--- !u!1001 &4630356214727376090
PrefabInstance:
  m_ObjectHideFlags: 0
  serializedVersion: 2
  m_Modification:
    m_TransformParent: {fileID: 2623044443089740770}
    m_Modifications:
    - target: {fileID: 583810820850902180, guid: fe6450c0c008fc547b0e9ef3fe638c6f, type: 3}
      propertyPath: m_StaticEditorFlags
      value: 4294967295
      objectReference: {fileID: 0}
    - target: {fileID: 1784045605246092814, guid: fe6450c0c008fc547b0e9ef3fe638c6f, type: 3}
      propertyPath: m_StaticEditorFlags
      value: 4294967295
      objectReference: {fileID: 0}
    - target: {fileID: 2460899007219409149, guid: fe6450c0c008fc547b0e9ef3fe638c6f, type: 3}
      propertyPath: m_StaticEditorFlags
      value: 4294967295
      objectReference: {fileID: 0}
    - target: {fileID: 3290448818763105769, guid: fe6450c0c008fc547b0e9ef3fe638c6f, type: 3}
      propertyPath: m_StaticEditorFlags
      value: 4294967295
      objectReference: {fileID: 0}
    - target: {fileID: 3779093634406065325, guid: fe6450c0c008fc547b0e9ef3fe638c6f, type: 3}
      propertyPath: m_StaticEditorFlags
      value: 4294967295
      objectReference: {fileID: 0}
    - target: {fileID: 3854221060212654568, guid: fe6450c0c008fc547b0e9ef3fe638c6f, type: 3}
      propertyPath: m_StaticEditorFlags
      value: 4294967295
      objectReference: {fileID: 0}
    - target: {fileID: 4272505972893779101, guid: fe6450c0c008fc547b0e9ef3fe638c6f, type: 3}
      propertyPath: m_StaticEditorFlags
      value: 4294967295
      objectReference: {fileID: 0}
    - target: {fileID: 4948638622357087062, guid: fe6450c0c008fc547b0e9ef3fe638c6f, type: 3}
      propertyPath: m_StaticEditorFlags
      value: 4294967295
      objectReference: {fileID: 0}
    - target: {fileID: 4972820878770131180, guid: fe6450c0c008fc547b0e9ef3fe638c6f, type: 3}
      propertyPath: m_StaticEditorFlags
      value: 4294967295
      objectReference: {fileID: 0}
    - target: {fileID: 4974224846058206580, guid: fe6450c0c008fc547b0e9ef3fe638c6f, type: 3}
      propertyPath: m_RootOrder
      value: 3
      objectReference: {fileID: 0}
    - target: {fileID: 4974224846058206580, guid: fe6450c0c008fc547b0e9ef3fe638c6f, type: 3}
      propertyPath: m_LocalPosition.x
      value: 0
      objectReference: {fileID: 0}
    - target: {fileID: 4974224846058206580, guid: fe6450c0c008fc547b0e9ef3fe638c6f, type: 3}
      propertyPath: m_LocalPosition.y
      value: 0
      objectReference: {fileID: 0}
    - target: {fileID: 4974224846058206580, guid: fe6450c0c008fc547b0e9ef3fe638c6f, type: 3}
      propertyPath: m_LocalPosition.z
      value: -1.33
      objectReference: {fileID: 0}
    - target: {fileID: 4974224846058206580, guid: fe6450c0c008fc547b0e9ef3fe638c6f, type: 3}
      propertyPath: m_LocalRotation.w
      value: 1
      objectReference: {fileID: 0}
    - target: {fileID: 4974224846058206580, guid: fe6450c0c008fc547b0e9ef3fe638c6f, type: 3}
      propertyPath: m_LocalRotation.x
      value: -0
      objectReference: {fileID: 0}
    - target: {fileID: 4974224846058206580, guid: fe6450c0c008fc547b0e9ef3fe638c6f, type: 3}
      propertyPath: m_LocalRotation.y
      value: -0
      objectReference: {fileID: 0}
    - target: {fileID: 4974224846058206580, guid: fe6450c0c008fc547b0e9ef3fe638c6f, type: 3}
      propertyPath: m_LocalRotation.z
      value: -0
      objectReference: {fileID: 0}
    - target: {fileID: 4974224846058206580, guid: fe6450c0c008fc547b0e9ef3fe638c6f, type: 3}
      propertyPath: m_LocalEulerAnglesHint.x
      value: 0
      objectReference: {fileID: 0}
    - target: {fileID: 4974224846058206580, guid: fe6450c0c008fc547b0e9ef3fe638c6f, type: 3}
      propertyPath: m_LocalEulerAnglesHint.y
      value: 0
      objectReference: {fileID: 0}
    - target: {fileID: 4974224846058206580, guid: fe6450c0c008fc547b0e9ef3fe638c6f, type: 3}
      propertyPath: m_LocalEulerAnglesHint.z
      value: 0
      objectReference: {fileID: 0}
    - target: {fileID: 4974224846058206581, guid: fe6450c0c008fc547b0e9ef3fe638c6f, type: 3}
      propertyPath: m_Name
      value: Armoire(2)
      objectReference: {fileID: 0}
    - target: {fileID: 4974224846058206581, guid: fe6450c0c008fc547b0e9ef3fe638c6f, type: 3}
      propertyPath: m_StaticEditorFlags
      value: 4294967295
      objectReference: {fileID: 0}
    - target: {fileID: 5257936798299339745, guid: fe6450c0c008fc547b0e9ef3fe638c6f, type: 3}
      propertyPath: m_StaticEditorFlags
      value: 4294967295
      objectReference: {fileID: 0}
    - target: {fileID: 5816396714671796860, guid: fe6450c0c008fc547b0e9ef3fe638c6f, type: 3}
      propertyPath: m_StaticEditorFlags
      value: 4294967295
      objectReference: {fileID: 0}
    - target: {fileID: 6073765491266804374, guid: fe6450c0c008fc547b0e9ef3fe638c6f, type: 3}
      propertyPath: m_StaticEditorFlags
      value: 4294967295
      objectReference: {fileID: 0}
    - target: {fileID: 6110029123753058995, guid: fe6450c0c008fc547b0e9ef3fe638c6f, type: 3}
      propertyPath: m_StaticEditorFlags
      value: 4294967295
      objectReference: {fileID: 0}
    - target: {fileID: 6368598786024843012, guid: fe6450c0c008fc547b0e9ef3fe638c6f, type: 3}
      propertyPath: m_StaticEditorFlags
      value: 4294967295
      objectReference: {fileID: 0}
    - target: {fileID: 6534232362337091190, guid: fe6450c0c008fc547b0e9ef3fe638c6f, type: 3}
      propertyPath: m_StaticEditorFlags
      value: 4294967295
      objectReference: {fileID: 0}
    - target: {fileID: 6821310435915765380, guid: fe6450c0c008fc547b0e9ef3fe638c6f, type: 3}
      propertyPath: m_StaticEditorFlags
      value: 4294967295
      objectReference: {fileID: 0}
    - target: {fileID: 7003419912665105994, guid: fe6450c0c008fc547b0e9ef3fe638c6f, type: 3}
      propertyPath: m_StaticEditorFlags
      value: 4294967295
      objectReference: {fileID: 0}
    m_RemovedComponents: []
  m_SourcePrefab: {fileID: 100100000, guid: fe6450c0c008fc547b0e9ef3fe638c6f, type: 3}
--- !u!4 &379898126290405806 stripped
Transform:
  m_CorrespondingSourceObject: {fileID: 4974224846058206580, guid: fe6450c0c008fc547b0e9ef3fe638c6f, type: 3}
  m_PrefabInstance: {fileID: 4630356214727376090}
  m_PrefabAsset: {fileID: 0}
--- !u!1001 &5360316168099360404
PrefabInstance:
  m_ObjectHideFlags: 0
  serializedVersion: 2
  m_Modification:
    m_TransformParent: {fileID: 2623044443089740770}
    m_Modifications:
    - target: {fileID: 1089844914678772, guid: 592fdcba71017da4f810f3022a74c558, type: 3}
      propertyPath: m_Name
      value: SM_Prop_Crate_02
      objectReference: {fileID: 0}
    - target: {fileID: 1089844914678772, guid: 592fdcba71017da4f810f3022a74c558, type: 3}
      propertyPath: m_StaticEditorFlags
      value: 4294967295
      objectReference: {fileID: 0}
    - target: {fileID: 4745822243310250, guid: 592fdcba71017da4f810f3022a74c558, type: 3}
      propertyPath: m_RootOrder
      value: 4
      objectReference: {fileID: 0}
    - target: {fileID: 4745822243310250, guid: 592fdcba71017da4f810f3022a74c558, type: 3}
      propertyPath: m_LocalScale.y
      value: 6
      objectReference: {fileID: 0}
    - target: {fileID: 4745822243310250, guid: 592fdcba71017da4f810f3022a74c558, type: 3}
      propertyPath: m_LocalPosition.x
      value: -2.3
      objectReference: {fileID: 0}
    - target: {fileID: 4745822243310250, guid: 592fdcba71017da4f810f3022a74c558, type: 3}
      propertyPath: m_LocalPosition.y
      value: 0
      objectReference: {fileID: 0}
    - target: {fileID: 4745822243310250, guid: 592fdcba71017da4f810f3022a74c558, type: 3}
      propertyPath: m_LocalPosition.z
      value: -1
      objectReference: {fileID: 0}
    - target: {fileID: 4745822243310250, guid: 592fdcba71017da4f810f3022a74c558, type: 3}
      propertyPath: m_LocalRotation.w
      value: 0.7071068
      objectReference: {fileID: 0}
    - target: {fileID: 4745822243310250, guid: 592fdcba71017da4f810f3022a74c558, type: 3}
      propertyPath: m_LocalRotation.x
      value: -0
      objectReference: {fileID: 0}
    - target: {fileID: 4745822243310250, guid: 592fdcba71017da4f810f3022a74c558, type: 3}
      propertyPath: m_LocalRotation.y
      value: -0.7071068
      objectReference: {fileID: 0}
    - target: {fileID: 4745822243310250, guid: 592fdcba71017da4f810f3022a74c558, type: 3}
      propertyPath: m_LocalRotation.z
      value: -0
      objectReference: {fileID: 0}
    - target: {fileID: 4745822243310250, guid: 592fdcba71017da4f810f3022a74c558, type: 3}
      propertyPath: m_LocalEulerAnglesHint.x
      value: 0
      objectReference: {fileID: 0}
    - target: {fileID: 4745822243310250, guid: 592fdcba71017da4f810f3022a74c558, type: 3}
      propertyPath: m_LocalEulerAnglesHint.y
      value: -90
      objectReference: {fileID: 0}
    - target: {fileID: 4745822243310250, guid: 592fdcba71017da4f810f3022a74c558, type: 3}
      propertyPath: m_LocalEulerAnglesHint.z
      value: 0
      objectReference: {fileID: 0}
    m_RemovedComponents: []
  m_SourcePrefab: {fileID: 100100000, guid: 592fdcba71017da4f810f3022a74c558, type: 3}
--- !u!4 &5364762883708331070 stripped
Transform:
  m_CorrespondingSourceObject: {fileID: 4745822243310250, guid: 592fdcba71017da4f810f3022a74c558, type: 3}
  m_PrefabInstance: {fileID: 5360316168099360404}
  m_PrefabAsset: {fileID: 0}
--- !u!1001 &5547864107784289118
PrefabInstance:
  m_ObjectHideFlags: 0
  serializedVersion: 2
  m_Modification:
    m_TransformParent: {fileID: 2623044443089740770}
    m_Modifications:
    - target: {fileID: 4972401914588134285, guid: 00573a9cdb681b44a8f8b03b837d9153, type: 3}
      propertyPath: m_StaticEditorFlags
      value: 4294967295
      objectReference: {fileID: 0}
    - target: {fileID: 4972820878770131180, guid: 00573a9cdb681b44a8f8b03b837d9153, type: 3}
      propertyPath: m_StaticEditorFlags
      value: 4294967295
      objectReference: {fileID: 0}
    - target: {fileID: 4973135149064639624, guid: 00573a9cdb681b44a8f8b03b837d9153, type: 3}
      propertyPath: m_StaticEditorFlags
      value: 4294967295
      objectReference: {fileID: 0}
    - target: {fileID: 4973163362553339856, guid: 00573a9cdb681b44a8f8b03b837d9153, type: 3}
      propertyPath: m_StaticEditorFlags
      value: 4294967295
      objectReference: {fileID: 0}
    - target: {fileID: 4973172913930408679, guid: 00573a9cdb681b44a8f8b03b837d9153, type: 3}
      propertyPath: m_StaticEditorFlags
      value: 4294967295
      objectReference: {fileID: 0}
    - target: {fileID: 4973186555626573502, guid: 00573a9cdb681b44a8f8b03b837d9153, type: 3}
      propertyPath: m_StaticEditorFlags
      value: 4294967295
      objectReference: {fileID: 0}
    - target: {fileID: 4974224846058206580, guid: 00573a9cdb681b44a8f8b03b837d9153, type: 3}
      propertyPath: m_RootOrder
      value: 2
      objectReference: {fileID: 0}
    - target: {fileID: 4974224846058206580, guid: 00573a9cdb681b44a8f8b03b837d9153, type: 3}
      propertyPath: m_LocalPosition.x
      value: -5
      objectReference: {fileID: 0}
    - target: {fileID: 4974224846058206580, guid: 00573a9cdb681b44a8f8b03b837d9153, type: 3}
      propertyPath: m_LocalPosition.y
      value: 0
      objectReference: {fileID: 0}
    - target: {fileID: 4974224846058206580, guid: 00573a9cdb681b44a8f8b03b837d9153, type: 3}
      propertyPath: m_LocalPosition.z
      value: -1.33
      objectReference: {fileID: 0}
    - target: {fileID: 4974224846058206580, guid: 00573a9cdb681b44a8f8b03b837d9153, type: 3}
      propertyPath: m_LocalRotation.w
      value: 1
      objectReference: {fileID: 0}
    - target: {fileID: 4974224846058206580, guid: 00573a9cdb681b44a8f8b03b837d9153, type: 3}
      propertyPath: m_LocalRotation.x
      value: -0
      objectReference: {fileID: 0}
    - target: {fileID: 4974224846058206580, guid: 00573a9cdb681b44a8f8b03b837d9153, type: 3}
      propertyPath: m_LocalRotation.y
      value: -0
      objectReference: {fileID: 0}
    - target: {fileID: 4974224846058206580, guid: 00573a9cdb681b44a8f8b03b837d9153, type: 3}
      propertyPath: m_LocalRotation.z
      value: -0
      objectReference: {fileID: 0}
    - target: {fileID: 4974224846058206580, guid: 00573a9cdb681b44a8f8b03b837d9153, type: 3}
      propertyPath: m_LocalEulerAnglesHint.x
      value: 0
      objectReference: {fileID: 0}
    - target: {fileID: 4974224846058206580, guid: 00573a9cdb681b44a8f8b03b837d9153, type: 3}
      propertyPath: m_LocalEulerAnglesHint.y
      value: 0
      objectReference: {fileID: 0}
    - target: {fileID: 4974224846058206580, guid: 00573a9cdb681b44a8f8b03b837d9153, type: 3}
      propertyPath: m_LocalEulerAnglesHint.z
      value: 0
      objectReference: {fileID: 0}
    - target: {fileID: 4974224846058206581, guid: 00573a9cdb681b44a8f8b03b837d9153, type: 3}
      propertyPath: m_Name
      value: Armoire(1)
      objectReference: {fileID: 0}
    - target: {fileID: 4974224846058206581, guid: 00573a9cdb681b44a8f8b03b837d9153, type: 3}
      propertyPath: m_StaticEditorFlags
      value: 4294967295
      objectReference: {fileID: 0}
    m_RemovedComponents: []
  m_SourcePrefab: {fileID: 100100000, guid: 00573a9cdb681b44a8f8b03b837d9153, type: 3}
--- !u!4 &718893857385188906 stripped
Transform:
  m_CorrespondingSourceObject: {fileID: 4974224846058206580, guid: 00573a9cdb681b44a8f8b03b837d9153, type: 3}
  m_PrefabInstance: {fileID: 5547864107784289118}
  m_PrefabAsset: {fileID: 0}
--- !u!1001 &5906956002095044421
PrefabInstance:
  m_ObjectHideFlags: 0
  serializedVersion: 2
  m_Modification:
    m_TransformParent: {fileID: 5906956002585999707}
    m_Modifications:
    - target: {fileID: 1383524960798524568, guid: 4f9948e8f1c4c454b9e81792f10a32ec, type: 3}
      propertyPath: m_RootOrder
      value: 3
      objectReference: {fileID: 0}
    - target: {fileID: 1383524960798524568, guid: 4f9948e8f1c4c454b9e81792f10a32ec, type: 3}
      propertyPath: m_LocalPosition.x
      value: 0
      objectReference: {fileID: 0}
    - target: {fileID: 1383524960798524568, guid: 4f9948e8f1c4c454b9e81792f10a32ec, type: 3}
      propertyPath: m_LocalPosition.y
      value: 0
      objectReference: {fileID: 0}
    - target: {fileID: 1383524960798524568, guid: 4f9948e8f1c4c454b9e81792f10a32ec, type: 3}
      propertyPath: m_LocalPosition.z
      value: 0
      objectReference: {fileID: 0}
    - target: {fileID: 1383524960798524568, guid: 4f9948e8f1c4c454b9e81792f10a32ec, type: 3}
      propertyPath: m_LocalRotation.w
      value: 0
      objectReference: {fileID: 0}
    - target: {fileID: 1383524960798524568, guid: 4f9948e8f1c4c454b9e81792f10a32ec, type: 3}
      propertyPath: m_LocalRotation.x
      value: -0
      objectReference: {fileID: 0}
    - target: {fileID: 1383524960798524568, guid: 4f9948e8f1c4c454b9e81792f10a32ec, type: 3}
      propertyPath: m_LocalRotation.y
      value: 1
      objectReference: {fileID: 0}
    - target: {fileID: 1383524960798524568, guid: 4f9948e8f1c4c454b9e81792f10a32ec, type: 3}
      propertyPath: m_LocalRotation.z
      value: -0
      objectReference: {fileID: 0}
    - target: {fileID: 1383524960798524568, guid: 4f9948e8f1c4c454b9e81792f10a32ec, type: 3}
      propertyPath: m_LocalEulerAnglesHint.x
      value: 0
      objectReference: {fileID: 0}
    - target: {fileID: 1383524960798524568, guid: 4f9948e8f1c4c454b9e81792f10a32ec, type: 3}
      propertyPath: m_LocalEulerAnglesHint.y
      value: 180
      objectReference: {fileID: 0}
    - target: {fileID: 1383524960798524568, guid: 4f9948e8f1c4c454b9e81792f10a32ec, type: 3}
      propertyPath: m_LocalEulerAnglesHint.z
      value: 0
      objectReference: {fileID: 0}
    - target: {fileID: 3173993982226097777, guid: 4f9948e8f1c4c454b9e81792f10a32ec, type: 3}
      propertyPath: m_StaticEditorFlags
      value: 4294967295
      objectReference: {fileID: 0}
    - target: {fileID: 3177489355881580965, guid: 4f9948e8f1c4c454b9e81792f10a32ec, type: 3}
      propertyPath: m_LocalPosition.x
      value: 0
      objectReference: {fileID: 0}
    - target: {fileID: 3177489355881580965, guid: 4f9948e8f1c4c454b9e81792f10a32ec, type: 3}
      propertyPath: m_LocalPosition.z
      value: 0
      objectReference: {fileID: 0}
    - target: {fileID: 6885832046363063544, guid: 4f9948e8f1c4c454b9e81792f10a32ec, type: 3}
      propertyPath: m_Name
      value: Wall_01 (6)
      objectReference: {fileID: 0}
    - target: {fileID: 6885832046363063544, guid: 4f9948e8f1c4c454b9e81792f10a32ec, type: 3}
      propertyPath: m_StaticEditorFlags
      value: 4294967295
      objectReference: {fileID: 0}
    m_RemovedComponents: []
  m_SourcePrefab: {fileID: 100100000, guid: 4f9948e8f1c4c454b9e81792f10a32ec, type: 3}
--- !u!4 &4812938080446370781 stripped
Transform:
  m_CorrespondingSourceObject: {fileID: 1383524960798524568, guid: 4f9948e8f1c4c454b9e81792f10a32ec, type: 3}
  m_PrefabInstance: {fileID: 5906956002095044421}
  m_PrefabAsset: {fileID: 0}
--- !u!1001 &5906956002520375822
PrefabInstance:
  m_ObjectHideFlags: 0
  serializedVersion: 2
  m_Modification:
    m_TransformParent: {fileID: 5906956002585999707}
    m_Modifications:
    - target: {fileID: 1383524960798524568, guid: 4f9948e8f1c4c454b9e81792f10a32ec, type: 3}
      propertyPath: m_RootOrder
      value: 0
      objectReference: {fileID: 0}
    - target: {fileID: 1383524960798524568, guid: 4f9948e8f1c4c454b9e81792f10a32ec, type: 3}
      propertyPath: m_LocalPosition.x
      value: -5.000002
      objectReference: {fileID: 0}
    - target: {fileID: 1383524960798524568, guid: 4f9948e8f1c4c454b9e81792f10a32ec, type: 3}
      propertyPath: m_LocalPosition.y
      value: 0
      objectReference: {fileID: 0}
    - target: {fileID: 1383524960798524568, guid: 4f9948e8f1c4c454b9e81792f10a32ec, type: 3}
      propertyPath: m_LocalPosition.z
      value: -5
      objectReference: {fileID: 0}
    - target: {fileID: 1383524960798524568, guid: 4f9948e8f1c4c454b9e81792f10a32ec, type: 3}
      propertyPath: m_LocalRotation.w
      value: 1
      objectReference: {fileID: 0}
    - target: {fileID: 1383524960798524568, guid: 4f9948e8f1c4c454b9e81792f10a32ec, type: 3}
      propertyPath: m_LocalRotation.x
      value: -0
      objectReference: {fileID: 0}
    - target: {fileID: 1383524960798524568, guid: 4f9948e8f1c4c454b9e81792f10a32ec, type: 3}
      propertyPath: m_LocalRotation.y
      value: -0
      objectReference: {fileID: 0}
    - target: {fileID: 1383524960798524568, guid: 4f9948e8f1c4c454b9e81792f10a32ec, type: 3}
      propertyPath: m_LocalRotation.z
      value: -0
      objectReference: {fileID: 0}
    - target: {fileID: 1383524960798524568, guid: 4f9948e8f1c4c454b9e81792f10a32ec, type: 3}
      propertyPath: m_LocalEulerAnglesHint.x
      value: 0
      objectReference: {fileID: 0}
    - target: {fileID: 1383524960798524568, guid: 4f9948e8f1c4c454b9e81792f10a32ec, type: 3}
      propertyPath: m_LocalEulerAnglesHint.y
      value: 0
      objectReference: {fileID: 0}
    - target: {fileID: 1383524960798524568, guid: 4f9948e8f1c4c454b9e81792f10a32ec, type: 3}
      propertyPath: m_LocalEulerAnglesHint.z
      value: 0
      objectReference: {fileID: 0}
    - target: {fileID: 3173993982226097777, guid: 4f9948e8f1c4c454b9e81792f10a32ec, type: 3}
      propertyPath: m_StaticEditorFlags
      value: 4294967295
      objectReference: {fileID: 0}
    - target: {fileID: 3177489355881580965, guid: 4f9948e8f1c4c454b9e81792f10a32ec, type: 3}
      propertyPath: m_LocalPosition.x
      value: 0
      objectReference: {fileID: 0}
    - target: {fileID: 3177489355881580965, guid: 4f9948e8f1c4c454b9e81792f10a32ec, type: 3}
      propertyPath: m_LocalPosition.z
      value: 0
      objectReference: {fileID: 0}
    - target: {fileID: 6885832046363063544, guid: 4f9948e8f1c4c454b9e81792f10a32ec, type: 3}
      propertyPath: m_Name
      value: Wall_01
      objectReference: {fileID: 0}
    - target: {fileID: 6885832046363063544, guid: 4f9948e8f1c4c454b9e81792f10a32ec, type: 3}
      propertyPath: m_StaticEditorFlags
      value: 4294967295
      objectReference: {fileID: 0}
    m_RemovedComponents: []
  m_SourcePrefab: {fileID: 100100000, guid: 4f9948e8f1c4c454b9e81792f10a32ec, type: 3}
--- !u!4 &4812938080805643926 stripped
Transform:
  m_CorrespondingSourceObject: {fileID: 1383524960798524568, guid: 4f9948e8f1c4c454b9e81792f10a32ec, type: 3}
  m_PrefabInstance: {fileID: 5906956002520375822}
  m_PrefabAsset: {fileID: 0}
--- !u!1001 &5906956002567741472
PrefabInstance:
  m_ObjectHideFlags: 0
  serializedVersion: 2
  m_Modification:
    m_TransformParent: {fileID: 5906956003715219884}
    m_Modifications:
    - target: {fileID: 1182560378374930, guid: ba8c17098e39a004d8754f7823b7bcc7, type: 3}
      propertyPath: m_Name
      value: SM_Bld_Floor_010 (7)
      objectReference: {fileID: 0}
    - target: {fileID: 1182560378374930, guid: ba8c17098e39a004d8754f7823b7bcc7, type: 3}
      propertyPath: m_StaticEditorFlags
      value: 4294967295
      objectReference: {fileID: 0}
    - target: {fileID: 4824984152862614, guid: ba8c17098e39a004d8754f7823b7bcc7, type: 3}
      propertyPath: m_RootOrder
      value: 1
      objectReference: {fileID: 0}
    - target: {fileID: 4824984152862614, guid: ba8c17098e39a004d8754f7823b7bcc7, type: 3}
      propertyPath: m_LocalPosition.x
      value: 0
      objectReference: {fileID: 0}
    - target: {fileID: 4824984152862614, guid: ba8c17098e39a004d8754f7823b7bcc7, type: 3}
      propertyPath: m_LocalPosition.y
      value: 0
      objectReference: {fileID: 0}
    - target: {fileID: 4824984152862614, guid: ba8c17098e39a004d8754f7823b7bcc7, type: 3}
      propertyPath: m_LocalPosition.z
      value: -5
      objectReference: {fileID: 0}
    - target: {fileID: 4824984152862614, guid: ba8c17098e39a004d8754f7823b7bcc7, type: 3}
      propertyPath: m_LocalRotation.w
      value: 1
      objectReference: {fileID: 0}
    - target: {fileID: 4824984152862614, guid: ba8c17098e39a004d8754f7823b7bcc7, type: 3}
      propertyPath: m_LocalRotation.x
      value: -0
      objectReference: {fileID: 0}
    - target: {fileID: 4824984152862614, guid: ba8c17098e39a004d8754f7823b7bcc7, type: 3}
      propertyPath: m_LocalRotation.y
      value: -0
      objectReference: {fileID: 0}
    - target: {fileID: 4824984152862614, guid: ba8c17098e39a004d8754f7823b7bcc7, type: 3}
      propertyPath: m_LocalRotation.z
      value: -0
      objectReference: {fileID: 0}
    - target: {fileID: 4824984152862614, guid: ba8c17098e39a004d8754f7823b7bcc7, type: 3}
      propertyPath: m_LocalEulerAnglesHint.x
      value: 0
      objectReference: {fileID: 0}
    - target: {fileID: 4824984152862614, guid: ba8c17098e39a004d8754f7823b7bcc7, type: 3}
      propertyPath: m_LocalEulerAnglesHint.y
      value: 0
      objectReference: {fileID: 0}
    - target: {fileID: 4824984152862614, guid: ba8c17098e39a004d8754f7823b7bcc7, type: 3}
      propertyPath: m_LocalEulerAnglesHint.z
      value: 0
      objectReference: {fileID: 0}
    m_RemovedComponents: []
  m_SourcePrefab: {fileID: 100100000, guid: ba8c17098e39a004d8754f7823b7bcc7, type: 3}
--- !u!4 &5902140468486148022 stripped
Transform:
  m_CorrespondingSourceObject: {fileID: 4824984152862614, guid: ba8c17098e39a004d8754f7823b7bcc7, type: 3}
  m_PrefabInstance: {fileID: 5906956002567741472}
  m_PrefabAsset: {fileID: 0}
--- !u!1001 &5906956002848503210
PrefabInstance:
  m_ObjectHideFlags: 0
  serializedVersion: 2
  m_Modification:
    m_TransformParent: {fileID: 5906956002585999707}
    m_Modifications:
    - target: {fileID: 1383524960798524568, guid: 4f9948e8f1c4c454b9e81792f10a32ec, type: 3}
      propertyPath: m_RootOrder
      value: 2
      objectReference: {fileID: 0}
    - target: {fileID: 1383524960798524568, guid: 4f9948e8f1c4c454b9e81792f10a32ec, type: 3}
      propertyPath: m_LocalPosition.x
      value: 4.999998
      objectReference: {fileID: 0}
    - target: {fileID: 1383524960798524568, guid: 4f9948e8f1c4c454b9e81792f10a32ec, type: 3}
      propertyPath: m_LocalPosition.y
      value: 0
      objectReference: {fileID: 0}
    - target: {fileID: 1383524960798524568, guid: 4f9948e8f1c4c454b9e81792f10a32ec, type: 3}
      propertyPath: m_LocalPosition.z
      value: 0
      objectReference: {fileID: 0}
    - target: {fileID: 1383524960798524568, guid: 4f9948e8f1c4c454b9e81792f10a32ec, type: 3}
      propertyPath: m_LocalRotation.w
      value: 0.7071068
      objectReference: {fileID: 0}
    - target: {fileID: 1383524960798524568, guid: 4f9948e8f1c4c454b9e81792f10a32ec, type: 3}
      propertyPath: m_LocalRotation.x
      value: -0
      objectReference: {fileID: 0}
    - target: {fileID: 1383524960798524568, guid: 4f9948e8f1c4c454b9e81792f10a32ec, type: 3}
      propertyPath: m_LocalRotation.y
      value: -0.7071068
      objectReference: {fileID: 0}
    - target: {fileID: 1383524960798524568, guid: 4f9948e8f1c4c454b9e81792f10a32ec, type: 3}
      propertyPath: m_LocalRotation.z
      value: -0
      objectReference: {fileID: 0}
    - target: {fileID: 1383524960798524568, guid: 4f9948e8f1c4c454b9e81792f10a32ec, type: 3}
      propertyPath: m_LocalEulerAnglesHint.x
      value: 0
      objectReference: {fileID: 0}
    - target: {fileID: 1383524960798524568, guid: 4f9948e8f1c4c454b9e81792f10a32ec, type: 3}
      propertyPath: m_LocalEulerAnglesHint.y
      value: -90
      objectReference: {fileID: 0}
    - target: {fileID: 1383524960798524568, guid: 4f9948e8f1c4c454b9e81792f10a32ec, type: 3}
      propertyPath: m_LocalEulerAnglesHint.z
      value: 0
      objectReference: {fileID: 0}
    - target: {fileID: 3173993982226097777, guid: 4f9948e8f1c4c454b9e81792f10a32ec, type: 3}
      propertyPath: m_StaticEditorFlags
      value: 4294967295
      objectReference: {fileID: 0}
    - target: {fileID: 3177489355881580965, guid: 4f9948e8f1c4c454b9e81792f10a32ec, type: 3}
      propertyPath: m_LocalPosition.x
      value: 0
      objectReference: {fileID: 0}
    - target: {fileID: 3177489355881580965, guid: 4f9948e8f1c4c454b9e81792f10a32ec, type: 3}
      propertyPath: m_LocalPosition.z
      value: 0
      objectReference: {fileID: 0}
    - target: {fileID: 6885832046363063544, guid: 4f9948e8f1c4c454b9e81792f10a32ec, type: 3}
      propertyPath: m_Name
      value: Wall_01 (3)
      objectReference: {fileID: 0}
    - target: {fileID: 6885832046363063544, guid: 4f9948e8f1c4c454b9e81792f10a32ec, type: 3}
      propertyPath: m_StaticEditorFlags
      value: 4294967295
      objectReference: {fileID: 0}
    m_RemovedComponents: []
  m_SourcePrefab: {fileID: 100100000, guid: 4f9948e8f1c4c454b9e81792f10a32ec, type: 3}
--- !u!4 &4812938080127103282 stripped
Transform:
  m_CorrespondingSourceObject: {fileID: 1383524960798524568, guid: 4f9948e8f1c4c454b9e81792f10a32ec, type: 3}
  m_PrefabInstance: {fileID: 5906956002848503210}
  m_PrefabAsset: {fileID: 0}
--- !u!1001 &5906956002929125449
PrefabInstance:
  m_ObjectHideFlags: 0
  serializedVersion: 2
  m_Modification:
    m_TransformParent: {fileID: 5906956003715219884}
    m_Modifications:
    - target: {fileID: 1182560378374930, guid: ba8c17098e39a004d8754f7823b7bcc7, type: 3}
      propertyPath: m_Name
      value: SM_Bld_Floor_010 (6)
      objectReference: {fileID: 0}
    - target: {fileID: 1182560378374930, guid: ba8c17098e39a004d8754f7823b7bcc7, type: 3}
      propertyPath: m_StaticEditorFlags
      value: 4294967295
      objectReference: {fileID: 0}
    - target: {fileID: 4824984152862614, guid: ba8c17098e39a004d8754f7823b7bcc7, type: 3}
      propertyPath: m_RootOrder
      value: 0
      objectReference: {fileID: 0}
    - target: {fileID: 4824984152862614, guid: ba8c17098e39a004d8754f7823b7bcc7, type: 3}
      propertyPath: m_LocalPosition.x
      value: -5
      objectReference: {fileID: 0}
    - target: {fileID: 4824984152862614, guid: ba8c17098e39a004d8754f7823b7bcc7, type: 3}
      propertyPath: m_LocalPosition.y
      value: 0
      objectReference: {fileID: 0}
    - target: {fileID: 4824984152862614, guid: ba8c17098e39a004d8754f7823b7bcc7, type: 3}
      propertyPath: m_LocalPosition.z
      value: -5
      objectReference: {fileID: 0}
    - target: {fileID: 4824984152862614, guid: ba8c17098e39a004d8754f7823b7bcc7, type: 3}
      propertyPath: m_LocalRotation.w
      value: 1
      objectReference: {fileID: 0}
    - target: {fileID: 4824984152862614, guid: ba8c17098e39a004d8754f7823b7bcc7, type: 3}
      propertyPath: m_LocalRotation.x
      value: -0
      objectReference: {fileID: 0}
    - target: {fileID: 4824984152862614, guid: ba8c17098e39a004d8754f7823b7bcc7, type: 3}
      propertyPath: m_LocalRotation.y
      value: -0
      objectReference: {fileID: 0}
    - target: {fileID: 4824984152862614, guid: ba8c17098e39a004d8754f7823b7bcc7, type: 3}
      propertyPath: m_LocalRotation.z
      value: -0
      objectReference: {fileID: 0}
    - target: {fileID: 4824984152862614, guid: ba8c17098e39a004d8754f7823b7bcc7, type: 3}
      propertyPath: m_LocalEulerAnglesHint.x
      value: 0
      objectReference: {fileID: 0}
    - target: {fileID: 4824984152862614, guid: ba8c17098e39a004d8754f7823b7bcc7, type: 3}
      propertyPath: m_LocalEulerAnglesHint.y
      value: 0
      objectReference: {fileID: 0}
    - target: {fileID: 4824984152862614, guid: ba8c17098e39a004d8754f7823b7bcc7, type: 3}
      propertyPath: m_LocalEulerAnglesHint.z
      value: 0
      objectReference: {fileID: 0}
    m_RemovedComponents: []
  m_SourcePrefab: {fileID: 100100000, guid: ba8c17098e39a004d8754f7823b7bcc7, type: 3}
--- !u!4 &5902140467973834719 stripped
Transform:
  m_CorrespondingSourceObject: {fileID: 4824984152862614, guid: ba8c17098e39a004d8754f7823b7bcc7, type: 3}
  m_PrefabInstance: {fileID: 5906956002929125449}
  m_PrefabAsset: {fileID: 0}
--- !u!1001 &5906956003103223907
PrefabInstance:
  m_ObjectHideFlags: 0
  serializedVersion: 2
  m_Modification:
    m_TransformParent: {fileID: 5906956003715219884}
    m_Modifications:
    - target: {fileID: 1182560378374930, guid: ba8c17098e39a004d8754f7823b7bcc7, type: 3}
      propertyPath: m_Name
      value: SM_Bld_Floor_010 (8)
      objectReference: {fileID: 0}
    - target: {fileID: 1182560378374930, guid: ba8c17098e39a004d8754f7823b7bcc7, type: 3}
      propertyPath: m_StaticEditorFlags
      value: 4294967295
      objectReference: {fileID: 0}
    - target: {fileID: 4824984152862614, guid: ba8c17098e39a004d8754f7823b7bcc7, type: 3}
      propertyPath: m_RootOrder
      value: 2
      objectReference: {fileID: 0}
    - target: {fileID: 4824984152862614, guid: ba8c17098e39a004d8754f7823b7bcc7, type: 3}
      propertyPath: m_LocalPosition.x
      value: 5
      objectReference: {fileID: 0}
    - target: {fileID: 4824984152862614, guid: ba8c17098e39a004d8754f7823b7bcc7, type: 3}
      propertyPath: m_LocalPosition.y
      value: 0
      objectReference: {fileID: 0}
    - target: {fileID: 4824984152862614, guid: ba8c17098e39a004d8754f7823b7bcc7, type: 3}
      propertyPath: m_LocalPosition.z
      value: -5
      objectReference: {fileID: 0}
    - target: {fileID: 4824984152862614, guid: ba8c17098e39a004d8754f7823b7bcc7, type: 3}
      propertyPath: m_LocalRotation.w
      value: 1
      objectReference: {fileID: 0}
    - target: {fileID: 4824984152862614, guid: ba8c17098e39a004d8754f7823b7bcc7, type: 3}
      propertyPath: m_LocalRotation.x
      value: -0
      objectReference: {fileID: 0}
    - target: {fileID: 4824984152862614, guid: ba8c17098e39a004d8754f7823b7bcc7, type: 3}
      propertyPath: m_LocalRotation.y
      value: -0
      objectReference: {fileID: 0}
    - target: {fileID: 4824984152862614, guid: ba8c17098e39a004d8754f7823b7bcc7, type: 3}
      propertyPath: m_LocalRotation.z
      value: -0
      objectReference: {fileID: 0}
    - target: {fileID: 4824984152862614, guid: ba8c17098e39a004d8754f7823b7bcc7, type: 3}
      propertyPath: m_LocalEulerAnglesHint.x
      value: 0
      objectReference: {fileID: 0}
    - target: {fileID: 4824984152862614, guid: ba8c17098e39a004d8754f7823b7bcc7, type: 3}
      propertyPath: m_LocalEulerAnglesHint.y
      value: 0
      objectReference: {fileID: 0}
    - target: {fileID: 4824984152862614, guid: ba8c17098e39a004d8754f7823b7bcc7, type: 3}
      propertyPath: m_LocalEulerAnglesHint.z
      value: 0
      objectReference: {fileID: 0}
    m_RemovedComponents: []
  m_SourcePrefab: {fileID: 100100000, guid: ba8c17098e39a004d8754f7823b7bcc7, type: 3}
--- !u!4 &5902140467951067125 stripped
Transform:
  m_CorrespondingSourceObject: {fileID: 4824984152862614, guid: ba8c17098e39a004d8754f7823b7bcc7, type: 3}
  m_PrefabInstance: {fileID: 5906956003103223907}
  m_PrefabAsset: {fileID: 0}
--- !u!1001 &5906956003240781564
PrefabInstance:
  m_ObjectHideFlags: 0
  serializedVersion: 2
  m_Modification:
    m_TransformParent: {fileID: 5906956002151504853}
    m_Modifications:
    - target: {fileID: 1856316353, guid: f9c23ad2ba535e14fbaee338d87eb970, type: 3}
      propertyPath: m_StaticEditorFlags
      value: 4294967295
      objectReference: {fileID: 0}
    - target: {fileID: 247579747621985283, guid: f9c23ad2ba535e14fbaee338d87eb970, type: 3}
      propertyPath: m_StaticEditorFlags
      value: 4294967295
      objectReference: {fileID: 0}
    - target: {fileID: 1281417465164881569, guid: f9c23ad2ba535e14fbaee338d87eb970, type: 3}
      propertyPath: m_StaticEditorFlags
      value: 4294967295
      objectReference: {fileID: 0}
    - target: {fileID: 3078624861400164244, guid: f9c23ad2ba535e14fbaee338d87eb970, type: 3}
      propertyPath: m_RootOrder
      value: 2
      objectReference: {fileID: 0}
    - target: {fileID: 3078624861400164244, guid: f9c23ad2ba535e14fbaee338d87eb970, type: 3}
      propertyPath: m_LocalPosition.x
      value: -2.5
      objectReference: {fileID: 0}
    - target: {fileID: 3078624861400164244, guid: f9c23ad2ba535e14fbaee338d87eb970, type: 3}
      propertyPath: m_LocalPosition.y
      value: 0
      objectReference: {fileID: 0}
    - target: {fileID: 3078624861400164244, guid: f9c23ad2ba535e14fbaee338d87eb970, type: 3}
      propertyPath: m_LocalPosition.z
      value: -2.3613052
      objectReference: {fileID: 0}
    - target: {fileID: 3078624861400164244, guid: f9c23ad2ba535e14fbaee338d87eb970, type: 3}
      propertyPath: m_LocalRotation.w
      value: 1
      objectReference: {fileID: 0}
    - target: {fileID: 3078624861400164244, guid: f9c23ad2ba535e14fbaee338d87eb970, type: 3}
      propertyPath: m_LocalRotation.x
      value: -0
      objectReference: {fileID: 0}
    - target: {fileID: 3078624861400164244, guid: f9c23ad2ba535e14fbaee338d87eb970, type: 3}
      propertyPath: m_LocalRotation.y
      value: -0
      objectReference: {fileID: 0}
    - target: {fileID: 3078624861400164244, guid: f9c23ad2ba535e14fbaee338d87eb970, type: 3}
      propertyPath: m_LocalRotation.z
      value: -0
      objectReference: {fileID: 0}
    - target: {fileID: 3078624861400164244, guid: f9c23ad2ba535e14fbaee338d87eb970, type: 3}
      propertyPath: m_LocalEulerAnglesHint.x
      value: 0
      objectReference: {fileID: 0}
    - target: {fileID: 3078624861400164244, guid: f9c23ad2ba535e14fbaee338d87eb970, type: 3}
      propertyPath: m_LocalEulerAnglesHint.y
      value: 0
      objectReference: {fileID: 0}
    - target: {fileID: 3078624861400164244, guid: f9c23ad2ba535e14fbaee338d87eb970, type: 3}
      propertyPath: m_LocalEulerAnglesHint.z
      value: 0
      objectReference: {fileID: 0}
    - target: {fileID: 5790777735851522610, guid: f9c23ad2ba535e14fbaee338d87eb970, type: 3}
      propertyPath: m_Name
      value: Door
      objectReference: {fileID: 0}
    - target: {fileID: 5790777735851522610, guid: f9c23ad2ba535e14fbaee338d87eb970, type: 3}
      propertyPath: m_StaticEditorFlags
      value: 4294967295
      objectReference: {fileID: 0}
    - target: {fileID: 8882352365634249552, guid: f9c23ad2ba535e14fbaee338d87eb970, type: 3}
      propertyPath: m_LocalPosition.z
      value: -2.6386943
      objectReference: {fileID: 0}
    - target: {fileID: 8885770936913131592, guid: f9c23ad2ba535e14fbaee338d87eb970, type: 3}
      propertyPath: m_StaticEditorFlags
      value: 4294967295
      objectReference: {fileID: 0}
    - target: {fileID: 8886113498666767266, guid: f9c23ad2ba535e14fbaee338d87eb970, type: 3}
      propertyPath: m_StaticEditorFlags
      value: 4294967295
      objectReference: {fileID: 0}
    m_RemovedComponents: []
  m_SourcePrefab: {fileID: 100100000, guid: f9c23ad2ba535e14fbaee338d87eb970, type: 3}
--- !u!4 &8881309778798068072 stripped
Transform:
  m_CorrespondingSourceObject: {fileID: 3078624861400164244, guid: f9c23ad2ba535e14fbaee338d87eb970, type: 3}
  m_PrefabInstance: {fileID: 5906956003240781564}
  m_PrefabAsset: {fileID: 0}
--- !u!1001 &5906956003362265708
PrefabInstance:
  m_ObjectHideFlags: 0
  serializedVersion: 2
  m_Modification:
    m_TransformParent: {fileID: 5906956002585999707}
    m_Modifications:
    - target: {fileID: 1383524960798524568, guid: 4f9948e8f1c4c454b9e81792f10a32ec, type: 3}
      propertyPath: m_RootOrder
      value: 4
      objectReference: {fileID: 0}
    - target: {fileID: 1383524960798524568, guid: 4f9948e8f1c4c454b9e81792f10a32ec, type: 3}
      propertyPath: m_LocalPosition.x
      value: -5.000002
      objectReference: {fileID: 0}
    - target: {fileID: 1383524960798524568, guid: 4f9948e8f1c4c454b9e81792f10a32ec, type: 3}
      propertyPath: m_LocalPosition.y
      value: 0
      objectReference: {fileID: 0}
    - target: {fileID: 1383524960798524568, guid: 4f9948e8f1c4c454b9e81792f10a32ec, type: 3}
      propertyPath: m_LocalPosition.z
      value: -0.0000019073486
      objectReference: {fileID: 0}
    - target: {fileID: 1383524960798524568, guid: 4f9948e8f1c4c454b9e81792f10a32ec, type: 3}
      propertyPath: m_LocalRotation.w
      value: 0
      objectReference: {fileID: 0}
    - target: {fileID: 1383524960798524568, guid: 4f9948e8f1c4c454b9e81792f10a32ec, type: 3}
      propertyPath: m_LocalRotation.x
      value: -0
      objectReference: {fileID: 0}
    - target: {fileID: 1383524960798524568, guid: 4f9948e8f1c4c454b9e81792f10a32ec, type: 3}
      propertyPath: m_LocalRotation.y
      value: 1
      objectReference: {fileID: 0}
    - target: {fileID: 1383524960798524568, guid: 4f9948e8f1c4c454b9e81792f10a32ec, type: 3}
      propertyPath: m_LocalRotation.z
      value: -0
      objectReference: {fileID: 0}
    - target: {fileID: 1383524960798524568, guid: 4f9948e8f1c4c454b9e81792f10a32ec, type: 3}
      propertyPath: m_LocalEulerAnglesHint.x
      value: 0
      objectReference: {fileID: 0}
    - target: {fileID: 1383524960798524568, guid: 4f9948e8f1c4c454b9e81792f10a32ec, type: 3}
      propertyPath: m_LocalEulerAnglesHint.y
      value: 180
      objectReference: {fileID: 0}
    - target: {fileID: 1383524960798524568, guid: 4f9948e8f1c4c454b9e81792f10a32ec, type: 3}
      propertyPath: m_LocalEulerAnglesHint.z
      value: 0
      objectReference: {fileID: 0}
    - target: {fileID: 3173993982226097777, guid: 4f9948e8f1c4c454b9e81792f10a32ec, type: 3}
      propertyPath: m_StaticEditorFlags
      value: 4294967295
      objectReference: {fileID: 0}
    - target: {fileID: 3177489355881580965, guid: 4f9948e8f1c4c454b9e81792f10a32ec, type: 3}
      propertyPath: m_LocalPosition.x
      value: 0
      objectReference: {fileID: 0}
    - target: {fileID: 3177489355881580965, guid: 4f9948e8f1c4c454b9e81792f10a32ec, type: 3}
      propertyPath: m_LocalPosition.z
      value: 0
      objectReference: {fileID: 0}
    - target: {fileID: 6885832046363063544, guid: 4f9948e8f1c4c454b9e81792f10a32ec, type: 3}
      propertyPath: m_Name
      value: Wall_01 (7)
      objectReference: {fileID: 0}
    - target: {fileID: 6885832046363063544, guid: 4f9948e8f1c4c454b9e81792f10a32ec, type: 3}
      propertyPath: m_StaticEditorFlags
      value: 4294967295
      objectReference: {fileID: 0}
    m_RemovedComponents: []
  m_SourcePrefab: {fileID: 100100000, guid: 4f9948e8f1c4c454b9e81792f10a32ec, type: 3}
--- !u!4 &4812938081706221300 stripped
Transform:
  m_CorrespondingSourceObject: {fileID: 1383524960798524568, guid: 4f9948e8f1c4c454b9e81792f10a32ec, type: 3}
  m_PrefabInstance: {fileID: 5906956003362265708}
  m_PrefabAsset: {fileID: 0}
--- !u!1001 &5906956003386350903
PrefabInstance:
  m_ObjectHideFlags: 0
  serializedVersion: 2
  m_Modification:
    m_TransformParent: {fileID: 5906956002585999707}
    m_Modifications:
    - target: {fileID: 1383524960798524568, guid: 4f9948e8f1c4c454b9e81792f10a32ec, type: 3}
      propertyPath: m_RootOrder
      value: 6
      objectReference: {fileID: 0}
    - target: {fileID: 1383524960798524568, guid: 4f9948e8f1c4c454b9e81792f10a32ec, type: 3}
      propertyPath: m_LocalPosition.x
      value: -10.000002
      objectReference: {fileID: 0}
    - target: {fileID: 1383524960798524568, guid: 4f9948e8f1c4c454b9e81792f10a32ec, type: 3}
      propertyPath: m_LocalPosition.y
      value: 0
      objectReference: {fileID: 0}
    - target: {fileID: 1383524960798524568, guid: 4f9948e8f1c4c454b9e81792f10a32ec, type: 3}
      propertyPath: m_LocalPosition.z
      value: -5
      objectReference: {fileID: 0}
    - target: {fileID: 1383524960798524568, guid: 4f9948e8f1c4c454b9e81792f10a32ec, type: 3}
      propertyPath: m_LocalRotation.w
      value: 0.7071068
      objectReference: {fileID: 0}
    - target: {fileID: 1383524960798524568, guid: 4f9948e8f1c4c454b9e81792f10a32ec, type: 3}
      propertyPath: m_LocalRotation.x
      value: -0
      objectReference: {fileID: 0}
    - target: {fileID: 1383524960798524568, guid: 4f9948e8f1c4c454b9e81792f10a32ec, type: 3}
      propertyPath: m_LocalRotation.y
      value: 0.7071068
      objectReference: {fileID: 0}
    - target: {fileID: 1383524960798524568, guid: 4f9948e8f1c4c454b9e81792f10a32ec, type: 3}
      propertyPath: m_LocalRotation.z
      value: -0
      objectReference: {fileID: 0}
    - target: {fileID: 1383524960798524568, guid: 4f9948e8f1c4c454b9e81792f10a32ec, type: 3}
      propertyPath: m_LocalEulerAnglesHint.x
      value: 0
      objectReference: {fileID: 0}
    - target: {fileID: 1383524960798524568, guid: 4f9948e8f1c4c454b9e81792f10a32ec, type: 3}
      propertyPath: m_LocalEulerAnglesHint.y
      value: 90
      objectReference: {fileID: 0}
    - target: {fileID: 1383524960798524568, guid: 4f9948e8f1c4c454b9e81792f10a32ec, type: 3}
      propertyPath: m_LocalEulerAnglesHint.z
      value: 0
      objectReference: {fileID: 0}
    - target: {fileID: 3173993982226097777, guid: 4f9948e8f1c4c454b9e81792f10a32ec, type: 3}
      propertyPath: m_StaticEditorFlags
      value: 4294967295
      objectReference: {fileID: 0}
    - target: {fileID: 3177489355881580965, guid: 4f9948e8f1c4c454b9e81792f10a32ec, type: 3}
      propertyPath: m_LocalPosition.x
      value: 0
      objectReference: {fileID: 0}
    - target: {fileID: 3177489355881580965, guid: 4f9948e8f1c4c454b9e81792f10a32ec, type: 3}
      propertyPath: m_LocalPosition.z
      value: 0
      objectReference: {fileID: 0}
    - target: {fileID: 6885832046363063544, guid: 4f9948e8f1c4c454b9e81792f10a32ec, type: 3}
      propertyPath: m_Name
      value: Wall_01 (11)
      objectReference: {fileID: 0}
    - target: {fileID: 6885832046363063544, guid: 4f9948e8f1c4c454b9e81792f10a32ec, type: 3}
      propertyPath: m_StaticEditorFlags
      value: 4294967295
      objectReference: {fileID: 0}
    m_RemovedComponents: []
  m_SourcePrefab: {fileID: 100100000, guid: 4f9948e8f1c4c454b9e81792f10a32ec, type: 3}
--- !u!4 &4812938081738693039 stripped
Transform:
  m_CorrespondingSourceObject: {fileID: 1383524960798524568, guid: 4f9948e8f1c4c454b9e81792f10a32ec, type: 3}
  m_PrefabInstance: {fileID: 5906956003386350903}
  m_PrefabAsset: {fileID: 0}
--- !u!1001 &5906956003399028928
PrefabInstance:
  m_ObjectHideFlags: 0
  serializedVersion: 2
  m_Modification:
    m_TransformParent: {fileID: 5906956002585999707}
    m_Modifications:
    - target: {fileID: 1383524960798524568, guid: 4f9948e8f1c4c454b9e81792f10a32ec, type: 3}
      propertyPath: m_RootOrder
      value: 1
      objectReference: {fileID: 0}
    - target: {fileID: 1383524960798524568, guid: 4f9948e8f1c4c454b9e81792f10a32ec, type: 3}
      propertyPath: m_LocalPosition.x
      value: 4.999998
      objectReference: {fileID: 0}
    - target: {fileID: 1383524960798524568, guid: 4f9948e8f1c4c454b9e81792f10a32ec, type: 3}
      propertyPath: m_LocalPosition.y
      value: 0
      objectReference: {fileID: 0}
    - target: {fileID: 1383524960798524568, guid: 4f9948e8f1c4c454b9e81792f10a32ec, type: 3}
      propertyPath: m_LocalPosition.z
      value: -5
      objectReference: {fileID: 0}
    - target: {fileID: 1383524960798524568, guid: 4f9948e8f1c4c454b9e81792f10a32ec, type: 3}
      propertyPath: m_LocalRotation.w
      value: 1
      objectReference: {fileID: 0}
    - target: {fileID: 1383524960798524568, guid: 4f9948e8f1c4c454b9e81792f10a32ec, type: 3}
      propertyPath: m_LocalRotation.x
      value: -0
      objectReference: {fileID: 0}
    - target: {fileID: 1383524960798524568, guid: 4f9948e8f1c4c454b9e81792f10a32ec, type: 3}
      propertyPath: m_LocalRotation.y
      value: -0
      objectReference: {fileID: 0}
    - target: {fileID: 1383524960798524568, guid: 4f9948e8f1c4c454b9e81792f10a32ec, type: 3}
      propertyPath: m_LocalRotation.z
      value: -0
      objectReference: {fileID: 0}
    - target: {fileID: 1383524960798524568, guid: 4f9948e8f1c4c454b9e81792f10a32ec, type: 3}
      propertyPath: m_LocalEulerAnglesHint.x
      value: 0
      objectReference: {fileID: 0}
    - target: {fileID: 1383524960798524568, guid: 4f9948e8f1c4c454b9e81792f10a32ec, type: 3}
      propertyPath: m_LocalEulerAnglesHint.y
      value: 0
      objectReference: {fileID: 0}
    - target: {fileID: 1383524960798524568, guid: 4f9948e8f1c4c454b9e81792f10a32ec, type: 3}
      propertyPath: m_LocalEulerAnglesHint.z
      value: 0
      objectReference: {fileID: 0}
    - target: {fileID: 3173993982226097777, guid: 4f9948e8f1c4c454b9e81792f10a32ec, type: 3}
      propertyPath: m_StaticEditorFlags
      value: 4294967295
      objectReference: {fileID: 0}
    - target: {fileID: 3177489355881580965, guid: 4f9948e8f1c4c454b9e81792f10a32ec, type: 3}
      propertyPath: m_LocalPosition.x
      value: 0
      objectReference: {fileID: 0}
    - target: {fileID: 3177489355881580965, guid: 4f9948e8f1c4c454b9e81792f10a32ec, type: 3}
      propertyPath: m_LocalPosition.z
      value: 0
      objectReference: {fileID: 0}
    - target: {fileID: 6885832046363063544, guid: 4f9948e8f1c4c454b9e81792f10a32ec, type: 3}
      propertyPath: m_Name
      value: Wall_01 (2)
      objectReference: {fileID: 0}
    - target: {fileID: 6885832046363063544, guid: 4f9948e8f1c4c454b9e81792f10a32ec, type: 3}
      propertyPath: m_StaticEditorFlags
      value: 4294967295
      objectReference: {fileID: 0}
    m_RemovedComponents: []
  m_SourcePrefab: {fileID: 100100000, guid: 4f9948e8f1c4c454b9e81792f10a32ec, type: 3}
--- !u!4 &4812938081675875416 stripped
Transform:
  m_CorrespondingSourceObject: {fileID: 1383524960798524568, guid: 4f9948e8f1c4c454b9e81792f10a32ec, type: 3}
  m_PrefabInstance: {fileID: 5906956003399028928}
  m_PrefabAsset: {fileID: 0}
--- !u!1001 &5906956003535688782
PrefabInstance:
  m_ObjectHideFlags: 0
  serializedVersion: 2
  m_Modification:
    m_TransformParent: {fileID: 5906956002585999707}
    m_Modifications:
    - target: {fileID: 1383524960798524568, guid: 4f9948e8f1c4c454b9e81792f10a32ec, type: 3}
      propertyPath: m_RootOrder
      value: 5
      objectReference: {fileID: 0}
    - target: {fileID: 1383524960798524568, guid: 4f9948e8f1c4c454b9e81792f10a32ec, type: 3}
      propertyPath: m_LocalPosition.x
      value: -10.000002
      objectReference: {fileID: 0}
    - target: {fileID: 1383524960798524568, guid: 4f9948e8f1c4c454b9e81792f10a32ec, type: 3}
      propertyPath: m_LocalPosition.y
      value: 0
      objectReference: {fileID: 0}
    - target: {fileID: 1383524960798524568, guid: 4f9948e8f1c4c454b9e81792f10a32ec, type: 3}
      propertyPath: m_LocalPosition.z
      value: 0
      objectReference: {fileID: 0}
    - target: {fileID: 1383524960798524568, guid: 4f9948e8f1c4c454b9e81792f10a32ec, type: 3}
      propertyPath: m_LocalRotation.w
      value: 0
      objectReference: {fileID: 0}
    - target: {fileID: 1383524960798524568, guid: 4f9948e8f1c4c454b9e81792f10a32ec, type: 3}
      propertyPath: m_LocalRotation.x
      value: -0
      objectReference: {fileID: 0}
    - target: {fileID: 1383524960798524568, guid: 4f9948e8f1c4c454b9e81792f10a32ec, type: 3}
      propertyPath: m_LocalRotation.y
      value: 1
      objectReference: {fileID: 0}
    - target: {fileID: 1383524960798524568, guid: 4f9948e8f1c4c454b9e81792f10a32ec, type: 3}
      propertyPath: m_LocalRotation.z
      value: -0
      objectReference: {fileID: 0}
    - target: {fileID: 1383524960798524568, guid: 4f9948e8f1c4c454b9e81792f10a32ec, type: 3}
      propertyPath: m_LocalEulerAnglesHint.x
      value: 0
      objectReference: {fileID: 0}
    - target: {fileID: 1383524960798524568, guid: 4f9948e8f1c4c454b9e81792f10a32ec, type: 3}
      propertyPath: m_LocalEulerAnglesHint.y
      value: 180
      objectReference: {fileID: 0}
    - target: {fileID: 1383524960798524568, guid: 4f9948e8f1c4c454b9e81792f10a32ec, type: 3}
      propertyPath: m_LocalEulerAnglesHint.z
      value: 0
      objectReference: {fileID: 0}
    - target: {fileID: 3173993982226097777, guid: 4f9948e8f1c4c454b9e81792f10a32ec, type: 3}
      propertyPath: m_StaticEditorFlags
      value: 4294967295
      objectReference: {fileID: 0}
    - target: {fileID: 3177489355881580965, guid: 4f9948e8f1c4c454b9e81792f10a32ec, type: 3}
      propertyPath: m_LocalPosition.x
      value: 0
      objectReference: {fileID: 0}
    - target: {fileID: 3177489355881580965, guid: 4f9948e8f1c4c454b9e81792f10a32ec, type: 3}
      propertyPath: m_LocalPosition.z
      value: 0
      objectReference: {fileID: 0}
    - target: {fileID: 6885832046363063544, guid: 4f9948e8f1c4c454b9e81792f10a32ec, type: 3}
      propertyPath: m_Name
      value: Wall_01 (8)
      objectReference: {fileID: 0}
    - target: {fileID: 6885832046363063544, guid: 4f9948e8f1c4c454b9e81792f10a32ec, type: 3}
      propertyPath: m_StaticEditorFlags
      value: 4294967295
      objectReference: {fileID: 0}
    m_RemovedComponents: []
  m_SourcePrefab: {fileID: 100100000, guid: 4f9948e8f1c4c454b9e81792f10a32ec, type: 3}
--- !u!4 &4812938081819906262 stripped
Transform:
  m_CorrespondingSourceObject: {fileID: 1383524960798524568, guid: 4f9948e8f1c4c454b9e81792f10a32ec, type: 3}
  m_PrefabInstance: {fileID: 5906956003535688782}
  m_PrefabAsset: {fileID: 0}
--- !u!1001 &7548714418601205249
PrefabInstance:
  m_ObjectHideFlags: 0
  serializedVersion: 2
  m_Modification:
    m_TransformParent: {fileID: 2623044443089740770}
    m_Modifications:
    - target: {fileID: 1445672104381091546, guid: 0c49ba393af6ef14dbc3c6c74330b9d4, type: 3}
      propertyPath: m_StaticEditorFlags
      value: 4294967295
      objectReference: {fileID: 0}
    - target: {fileID: 1445874426580691626, guid: 0c49ba393af6ef14dbc3c6c74330b9d4, type: 3}
      propertyPath: m_StaticEditorFlags
      value: 4294967295
      objectReference: {fileID: 0}
    - target: {fileID: 4249230286107121132, guid: 0c49ba393af6ef14dbc3c6c74330b9d4, type: 3}
      propertyPath: m_Name
      value: Bureau(2)
      objectReference: {fileID: 0}
    - target: {fileID: 4249230286107121132, guid: 0c49ba393af6ef14dbc3c6c74330b9d4, type: 3}
      propertyPath: m_StaticEditorFlags
      value: 4294967295
      objectReference: {fileID: 0}
    - target: {fileID: 4249230286107121133, guid: 0c49ba393af6ef14dbc3c6c74330b9d4, type: 3}
      propertyPath: m_RootOrder
      value: 1
      objectReference: {fileID: 0}
    - target: {fileID: 4249230286107121133, guid: 0c49ba393af6ef14dbc3c6c74330b9d4, type: 3}
      propertyPath: m_LocalPosition.x
      value: 5
      objectReference: {fileID: 0}
    - target: {fileID: 4249230286107121133, guid: 0c49ba393af6ef14dbc3c6c74330b9d4, type: 3}
      propertyPath: m_LocalPosition.y
      value: 0
      objectReference: {fileID: 0}
    - target: {fileID: 4249230286107121133, guid: 0c49ba393af6ef14dbc3c6c74330b9d4, type: 3}
      propertyPath: m_LocalPosition.z
      value: -5
      objectReference: {fileID: 0}
    - target: {fileID: 4249230286107121133, guid: 0c49ba393af6ef14dbc3c6c74330b9d4, type: 3}
      propertyPath: m_LocalRotation.w
      value: 0.7071068
      objectReference: {fileID: 0}
    - target: {fileID: 4249230286107121133, guid: 0c49ba393af6ef14dbc3c6c74330b9d4, type: 3}
      propertyPath: m_LocalRotation.x
      value: 0
      objectReference: {fileID: 0}
    - target: {fileID: 4249230286107121133, guid: 0c49ba393af6ef14dbc3c6c74330b9d4, type: 3}
      propertyPath: m_LocalRotation.y
      value: 0.7071068
      objectReference: {fileID: 0}
    - target: {fileID: 4249230286107121133, guid: 0c49ba393af6ef14dbc3c6c74330b9d4, type: 3}
      propertyPath: m_LocalRotation.z
      value: 0
      objectReference: {fileID: 0}
    - target: {fileID: 4249230286107121133, guid: 0c49ba393af6ef14dbc3c6c74330b9d4, type: 3}
      propertyPath: m_LocalEulerAnglesHint.x
      value: 0
      objectReference: {fileID: 0}
    - target: {fileID: 4249230286107121133, guid: 0c49ba393af6ef14dbc3c6c74330b9d4, type: 3}
      propertyPath: m_LocalEulerAnglesHint.y
      value: 90
      objectReference: {fileID: 0}
    - target: {fileID: 4249230286107121133, guid: 0c49ba393af6ef14dbc3c6c74330b9d4, type: 3}
      propertyPath: m_LocalEulerAnglesHint.z
      value: 0
      objectReference: {fileID: 0}
    - target: {fileID: 4250657265544325405, guid: 0c49ba393af6ef14dbc3c6c74330b9d4, type: 3}
      propertyPath: m_StaticEditorFlags
      value: 4294967295
      objectReference: {fileID: 0}
    - target: {fileID: 4251064393935629943, guid: 0c49ba393af6ef14dbc3c6c74330b9d4, type: 3}
      propertyPath: m_StaticEditorFlags
      value: 4294967295
      objectReference: {fileID: 0}
    - target: {fileID: 5955218108220346307, guid: 0c49ba393af6ef14dbc3c6c74330b9d4, type: 3}
      propertyPath: m_StaticEditorFlags
      value: 4294967295
      objectReference: {fileID: 0}
    - target: {fileID: 5955252773844112424, guid: 0c49ba393af6ef14dbc3c6c74330b9d4, type: 3}
      propertyPath: m_StaticEditorFlags
      value: 4294967295
      objectReference: {fileID: 0}
    - target: {fileID: 5955267088294961841, guid: 0c49ba393af6ef14dbc3c6c74330b9d4, type: 3}
      propertyPath: m_StaticEditorFlags
      value: 4294967295
      objectReference: {fileID: 0}
    - target: {fileID: 5955267088774352392, guid: 0c49ba393af6ef14dbc3c6c74330b9d4, type: 3}
      propertyPath: m_StaticEditorFlags
      value: 4294967295
      objectReference: {fileID: 0}
    - target: {fileID: 5955297472180441168, guid: 0c49ba393af6ef14dbc3c6c74330b9d4, type: 3}
      propertyPath: m_StaticEditorFlags
      value: 4294967295
      objectReference: {fileID: 0}
    - target: {fileID: 5955297472689763842, guid: 0c49ba393af6ef14dbc3c6c74330b9d4, type: 3}
      propertyPath: m_StaticEditorFlags
      value: 4294967295
      objectReference: {fileID: 0}
    - target: {fileID: 5955339910364040605, guid: 0c49ba393af6ef14dbc3c6c74330b9d4, type: 3}
      propertyPath: m_StaticEditorFlags
      value: 4294967295
      objectReference: {fileID: 0}
    - target: {fileID: 5955339912367872455, guid: 0c49ba393af6ef14dbc3c6c74330b9d4, type: 3}
      propertyPath: m_StaticEditorFlags
      value: 4294967295
      objectReference: {fileID: 0}
    - target: {fileID: 5955365486900694352, guid: 0c49ba393af6ef14dbc3c6c74330b9d4, type: 3}
      propertyPath: m_StaticEditorFlags
      value: 4294967295
      objectReference: {fileID: 0}
    - target: {fileID: 5955365487967128354, guid: 0c49ba393af6ef14dbc3c6c74330b9d4, type: 3}
      propertyPath: m_StaticEditorFlags
      value: 4294967295
      objectReference: {fileID: 0}
    - target: {fileID: 5955442237756436145, guid: 0c49ba393af6ef14dbc3c6c74330b9d4, type: 3}
      propertyPath: m_StaticEditorFlags
      value: 4294967295
      objectReference: {fileID: 0}
    - target: {fileID: 5955471146269251182, guid: 0c49ba393af6ef14dbc3c6c74330b9d4, type: 3}
      propertyPath: m_StaticEditorFlags
      value: 4294967295
      objectReference: {fileID: 0}
    - target: {fileID: 5955661279219233400, guid: 0c49ba393af6ef14dbc3c6c74330b9d4, type: 3}
      propertyPath: m_StaticEditorFlags
      value: 4294967295
      objectReference: {fileID: 0}
    m_RemovedComponents: []
  m_SourcePrefab: {fileID: 100100000, guid: 0c49ba393af6ef14dbc3c6c74330b9d4, type: 3}
--- !u!4 &5925091872394906604 stripped
Transform:
  m_CorrespondingSourceObject: {fileID: 4249230286107121133, guid: 0c49ba393af6ef14dbc3c6c74330b9d4, type: 3}
  m_PrefabInstance: {fileID: 7548714418601205249}
  m_PrefabAsset: {fileID: 0}
