%YAML 1.1
%TAG !u! tag:unity3d.com,2011:
--- !u!1 &707985911
GameObject:
  m_ObjectHideFlags: 0
  m_CorrespondingSourceObject: {fileID: 0}
  m_PrefabInstance: {fileID: 0}
  m_PrefabAsset: {fileID: 0}
  serializedVersion: 6
  m_Component:
  - component: {fileID: 707985912}
  - component: {fileID: 707985913}
  m_Layer: 0
  m_Name: BNSPillarLight
  m_TagString: Untagged
  m_Icon: {fileID: 0}
  m_NavMeshLayer: 0
  m_StaticEditorFlags: 4294967295
  m_IsActive: 1
--- !u!4 &707985912
Transform:
  m_ObjectHideFlags: 0
  m_CorrespondingSourceObject: {fileID: 0}
  m_PrefabInstance: {fileID: 0}
  m_PrefabAsset: {fileID: 0}
  m_GameObject: {fileID: 707985911}
  m_LocalRotation: {x: -0, y: -1, z: -0, w: 0}
  m_LocalPosition: {x: -0.0000038146973, y: 2.9450002, z: 0.34566498}
  m_LocalScale: {x: 1, y: 1, z: 1}
  m_Children: []
  m_Father: {fileID: 4275664823751368}
  m_RootOrder: 0
  m_LocalEulerAnglesHint: {x: 0, y: 0, z: 0}
--- !u!108 &707985913
Light:
  m_ObjectHideFlags: 0
  m_CorrespondingSourceObject: {fileID: 0}
  m_PrefabInstance: {fileID: 0}
  m_PrefabAsset: {fileID: 0}
  m_GameObject: {fileID: 707985911}
  m_Enabled: 1
  serializedVersion: 10
  m_Type: 2
  m_Shape: 0
  m_Color: {r: 0, g: 0.91764706, b: 1, a: 1}
  m_Intensity: 2
  m_Range: 10
  m_SpotAngle: 30
  m_InnerSpotAngle: 21.80208
  m_CookieSize: 10
  m_Shadows:
    m_Type: 0
    m_Resolution: -1
    m_CustomResolution: -1
    m_Strength: 1
    m_Bias: 0.05
    m_NormalBias: 0.4
    m_NearPlane: 0.2
    m_CullingMatrixOverride:
      e00: 1
      e01: 0
      e02: 0
      e03: 0
      e10: 0
      e11: 1
      e12: 0
      e13: 0
      e20: 0
      e21: 0
      e22: 1
      e23: 0
      e30: 0
      e31: 0
      e32: 0
      e33: 1
    m_UseCullingMatrixOverride: 0
  m_Cookie: {fileID: 0}
  m_DrawHalo: 0
  m_Flare: {fileID: 0}
  m_RenderMode: 0
  m_CullingMask:
    serializedVersion: 2
    m_Bits: 4294967295
  m_RenderingLayerMask: 1
  m_Lightmapping: 2
  m_LightShadowCasterMode: 0
  m_AreaSize: {x: 1, y: 1}
  m_BounceIntensity: 1
  m_ColorTemperature: 6570
  m_UseColorTemperature: 0
  m_BoundingSphereOverride: {x: 0, y: 0, z: 0, w: 0}
  m_UseBoundingSphereOverride: 0
  m_UseViewFrustumForShadowCasterCull: 1
  m_ShadowRadius: 0
  m_ShadowAngle: 0
--- !u!1 &1329578891317138
GameObject:
  m_ObjectHideFlags: 0
  m_CorrespondingSourceObject: {fileID: 0}
  m_PrefabInstance: {fileID: 0}
  m_PrefabAsset: {fileID: 0}
  serializedVersion: 6
  m_Component:
  - component: {fileID: 4275664823751368}
  - component: {fileID: 33819945440466274}
  - component: {fileID: 23644163089464390}
  - component: {fileID: 7256472596559145265}
  m_Layer: 0
  m_Name: SM_Prop_Pillar_Detail_01
  m_TagString: Untagged
  m_Icon: {fileID: 0}
  m_NavMeshLayer: 0
  m_StaticEditorFlags: 4294967295
  m_IsActive: 1
--- !u!4 &4275664823751368
Transform:
  m_ObjectHideFlags: 0
  m_CorrespondingSourceObject: {fileID: 0}
  m_PrefabInstance: {fileID: 0}
  m_PrefabAsset: {fileID: 0}
  m_GameObject: {fileID: 1329578891317138}
  m_LocalRotation: {x: 0, y: 0, z: 0, w: 1}
  m_LocalPosition: {x: -0, y: 0, z: 0}
  m_LocalScale: {x: 1, y: 1, z: 1}
  m_Children:
  - {fileID: 707985912}
  m_Father: {fileID: 0}
  m_RootOrder: 0
  m_LocalEulerAnglesHint: {x: 0, y: 0, z: 0}
--- !u!33 &33819945440466274
MeshFilter:
  m_ObjectHideFlags: 0
  m_CorrespondingSourceObject: {fileID: 0}
  m_PrefabInstance: {fileID: 0}
  m_PrefabAsset: {fileID: 0}
  m_GameObject: {fileID: 1329578891317138}
  m_Mesh: {fileID: 4300000, guid: 44d598b625118ce40aedfac561c483c8, type: 3}
--- !u!23 &23644163089464390
MeshRenderer:
  m_ObjectHideFlags: 0
  m_CorrespondingSourceObject: {fileID: 0}
  m_PrefabInstance: {fileID: 0}
  m_PrefabAsset: {fileID: 0}
  m_GameObject: {fileID: 1329578891317138}
  m_Enabled: 1
  m_CastShadows: 1
  m_ReceiveShadows: 1
  m_DynamicOccludee: 1
  m_MotionVectors: 1
  m_LightProbeUsage: 1
  m_ReflectionProbeUsage: 1
  m_RayTracingMode: 2
  m_RayTraceProcedural: 0
  m_RenderingLayerMask: 1
  m_RendererPriority: 0
  m_Materials:
  - {fileID: 2100000, guid: 4cee7a5983b187943adc589b9cb1f084, type: 2}
  m_StaticBatchInfo:
    firstSubMesh: 0
    subMeshCount: 0
  m_StaticBatchRoot: {fileID: 0}
  m_ProbeAnchor: {fileID: 0}
  m_LightProbeVolumeOverride: {fileID: 0}
  m_ScaleInLightmap: 1
  m_ReceiveGI: 1
  m_PreserveUVs: 0
  m_IgnoreNormalsForChartDetection: 0
  m_ImportantGI: 0
  m_StitchLightmapSeams: 1
  m_SelectedEditorRenderState: 3
  m_MinimumChartSize: 4
  m_AutoUVMaxDistance: 0.5
  m_AutoUVMaxAngle: 89
  m_LightmapParameters: {fileID: 0}
  m_SortingLayerID: 0
  m_SortingLayer: 0
  m_SortingOrder: 0
  m_AdditionalVertexStreams: {fileID: 0}
--- !u!65 &7256472596559145265
BoxCollider:
  m_ObjectHideFlags: 0
  m_CorrespondingSourceObject: {fileID: 0}
  m_PrefabInstance: {fileID: 0}
  m_PrefabAsset: {fileID: 0}
  m_GameObject: {fileID: 1329578891317138}
  m_Material: {fileID: 0}
  m_IsTrigger: 0
  m_Enabled: 1
  serializedVersion: 2
  m_Size: {x: 1.1962931, y: 4.9954405, z: 1.2162471}
  m_Center: {x: -0.039044566, y: 1.5022796, z: -0.045180093}
