%YAML 1.1
%TAG !u! tag:unity3d.com,2011:
--- !u!1 &1355427549648550390
GameObject:
  m_ObjectHideFlags: 0
  m_CorrespondingSourceObject: {fileID: 0}
  m_PrefabInstance: {fileID: 0}
  m_PrefabAsset: {fileID: 0}
  serializedVersion: 6
  m_Component:
  - component: {fileID: 1358648622850968376}
  - component: {fileID: 1350766393633949246}
  - component: {fileID: 1342033431903927194}
  m_Layer: 0
  m_Name: SM_Prop_Plant_Container_Shelf_01
  m_TagString: Untagged
  m_Icon: {fileID: 0}
  m_NavMeshLayer: 0
  m_StaticEditorFlags: 0
  m_IsActive: 1
--- !u!4 &1358648622850968376
Transform:
  m_ObjectHideFlags: 0
  m_CorrespondingSourceObject: {fileID: 0}
  m_PrefabInstance: {fileID: 0}
  m_PrefabAsset: {fileID: 0}
  m_GameObject: {fileID: 1355427549648550390}
  m_LocalRotation: {x: -0, y: -0.4205702, z: -0, w: 0.90726}
  m_LocalPosition: {x: -1.596, y: 1.437, z: -2.468}
  m_LocalScale: {x: 1, y: 1, z: 1}
  m_Children: []
  m_Father: {fileID: 6715712311023691919}
  m_RootOrder: 2
  m_LocalEulerAnglesHint: {x: 0, y: -49.741, z: 0}
--- !u!33 &1350766393633949246
MeshFilter:
  m_ObjectHideFlags: 0
  m_CorrespondingSourceObject: {fileID: 0}
  m_PrefabInstance: {fileID: 0}
  m_PrefabAsset: {fileID: 0}
  m_GameObject: {fileID: 1355427549648550390}
  m_Mesh: {fileID: 4300002, guid: b42a50f976a97f841836ade784b752dc, type: 3}
--- !u!23 &1342033431903927194
MeshRenderer:
  m_ObjectHideFlags: 0
  m_CorrespondingSourceObject: {fileID: 0}
  m_PrefabInstance: {fileID: 0}
  m_PrefabAsset: {fileID: 0}
  m_GameObject: {fileID: 1355427549648550390}
  m_Enabled: 1
  m_CastShadows: 1
  m_ReceiveShadows: 1
  m_DynamicOccludee: 1
  m_MotionVectors: 1
  m_LightProbeUsage: 1
  m_ReflectionProbeUsage: 1
  m_RayTracingMode: 2
  m_RayTraceProcedural: 0
  m_RenderingLayerMask: 1
  m_RendererPriority: 0
  m_Materials:
  - {fileID: 2100000, guid: 4cee7a5983b187943adc589b9cb1f084, type: 2}
  m_StaticBatchInfo:
    firstSubMesh: 0
    subMeshCount: 0
  m_StaticBatchRoot: {fileID: 0}
  m_ProbeAnchor: {fileID: 0}
  m_LightProbeVolumeOverride: {fileID: 0}
  m_ScaleInLightmap: 1
  m_ReceiveGI: 1
  m_PreserveUVs: 0
  m_IgnoreNormalsForChartDetection: 0
  m_ImportantGI: 0
  m_StitchLightmapSeams: 1
  m_SelectedEditorRenderState: 3
  m_MinimumChartSize: 4
  m_AutoUVMaxDistance: 0.5
  m_AutoUVMaxAngle: 89
  m_LightmapParameters: {fileID: 0}
  m_SortingLayerID: 0
  m_SortingLayer: 0
  m_SortingOrder: 0
  m_AdditionalVertexStreams: {fileID: 0}
--- !u!1 &6715712311023691916
GameObject:
  m_ObjectHideFlags: 0
  m_CorrespondingSourceObject: {fileID: 0}
  m_PrefabInstance: {fileID: 0}
  m_PrefabAsset: {fileID: 0}
  serializedVersion: 6
  m_Component:
  - component: {fileID: 6715712311023691919}
  m_Layer: 0
  m_Name: Bureau(5)
  m_TagString: Untagged
  m_Icon: {fileID: 0}
  m_NavMeshLayer: 0
  m_StaticEditorFlags: 0
  m_IsActive: 1
--- !u!4 &6715712311023691919
Transform:
  m_ObjectHideFlags: 0
  m_CorrespondingSourceObject: {fileID: 0}
  m_PrefabInstance: {fileID: 0}
  m_PrefabAsset: {fileID: 0}
  m_GameObject: {fileID: 6715712311023691916}
  m_LocalRotation: {x: 0, y: 0, z: 0, w: 1}
  m_LocalPosition: {x: 0, y: 0, z: 0}
  m_LocalScale: {x: 1, y: 1, z: 1}
  m_Children:
  - {fileID: 6710999738885879476}
  - {fileID: 6718320690586630054}
  - {fileID: 1358648622850968376}
  - {fileID: 2513343809600561151}
  - {fileID: 1616460987058719866}
  - {fileID: 4313705718511333218}
  - {fileID: 372139222326466753}
  m_Father: {fileID: 0}
  m_RootOrder: 0
  m_LocalEulerAnglesHint: {x: 0, y: 0, z: 0}
--- !u!1001 &376671150807689747
PrefabInstance:
  m_ObjectHideFlags: 0
  serializedVersion: 2
  m_Modification:
    m_TransformParent: {fileID: 6715712311023691919}
    m_Modifications:
    - target: {fileID: 1677965824277060, guid: 50d2935532bcb5d47a8e0409d7db789b, type: 3}
      propertyPath: m_Name
      value: SM_Prop_Screen_08
      objectReference: {fileID: 0}
    - target: {fileID: 4555056905319122, guid: 50d2935532bcb5d47a8e0409d7db789b, type: 3}
      propertyPath: m_RootOrder
      value: 6
      objectReference: {fileID: 0}
    - target: {fileID: 4555056905319122, guid: 50d2935532bcb5d47a8e0409d7db789b, type: 3}
      propertyPath: m_LocalPosition.x
      value: -0.144
      objectReference: {fileID: 0}
    - target: {fileID: 4555056905319122, guid: 50d2935532bcb5d47a8e0409d7db789b, type: 3}
      propertyPath: m_LocalPosition.y
      value: 0.846
      objectReference: {fileID: 0}
    - target: {fileID: 4555056905319122, guid: 50d2935532bcb5d47a8e0409d7db789b, type: 3}
      propertyPath: m_LocalPosition.z
      value: -2.985
      objectReference: {fileID: 0}
    - target: {fileID: 4555056905319122, guid: 50d2935532bcb5d47a8e0409d7db789b, type: 3}
      propertyPath: m_LocalRotation.w
      value: 1
      objectReference: {fileID: 0}
    - target: {fileID: 4555056905319122, guid: 50d2935532bcb5d47a8e0409d7db789b, type: 3}
      propertyPath: m_LocalRotation.x
      value: -0
      objectReference: {fileID: 0}
    - target: {fileID: 4555056905319122, guid: 50d2935532bcb5d47a8e0409d7db789b, type: 3}
      propertyPath: m_LocalRotation.y
      value: -0
      objectReference: {fileID: 0}
    - target: {fileID: 4555056905319122, guid: 50d2935532bcb5d47a8e0409d7db789b, type: 3}
      propertyPath: m_LocalRotation.z
      value: -0
      objectReference: {fileID: 0}
    - target: {fileID: 4555056905319122, guid: 50d2935532bcb5d47a8e0409d7db789b, type: 3}
      propertyPath: m_LocalEulerAnglesHint.x
      value: 0
      objectReference: {fileID: 0}
    - target: {fileID: 4555056905319122, guid: 50d2935532bcb5d47a8e0409d7db789b, type: 3}
      propertyPath: m_LocalEulerAnglesHint.y
      value: 0
      objectReference: {fileID: 0}
    - target: {fileID: 4555056905319122, guid: 50d2935532bcb5d47a8e0409d7db789b, type: 3}
      propertyPath: m_LocalEulerAnglesHint.z
      value: 0
      objectReference: {fileID: 0}
    m_RemovedComponents: []
  m_SourcePrefab: {fileID: 100100000, guid: 50d2935532bcb5d47a8e0409d7db789b, type: 3}
--- !u!4 &372139222326466753 stripped
Transform:
  m_CorrespondingSourceObject: {fileID: 4555056905319122, guid: 50d2935532bcb5d47a8e0409d7db789b, type: 3}
  m_PrefabInstance: {fileID: 376671150807689747}
  m_PrefabAsset: {fileID: 0}
--- !u!1001 &1612309411613388730
PrefabInstance:
  m_ObjectHideFlags: 0
  serializedVersion: 2
  m_Modification:
    m_TransformParent: {fileID: 6715712311023691919}
    m_Modifications:
    - target: {fileID: 1603361566552150, guid: be73b85d8bb808f47bb0a46e41f45db0, type: 3}
      propertyPath: m_Name
      value: SM_Prop_CenterTube_02
      objectReference: {fileID: 0}
    - target: {fileID: 4152211673555904, guid: be73b85d8bb808f47bb0a46e41f45db0, type: 3}
      propertyPath: m_RootOrder
      value: 4
      objectReference: {fileID: 0}
    - target: {fileID: 4152211673555904, guid: be73b85d8bb808f47bb0a46e41f45db0, type: 3}
      propertyPath: m_LocalScale.x
      value: 0.2
      objectReference: {fileID: 0}
    - target: {fileID: 4152211673555904, guid: be73b85d8bb808f47bb0a46e41f45db0, type: 3}
      propertyPath: m_LocalScale.y
      value: 0.2
      objectReference: {fileID: 0}
    - target: {fileID: 4152211673555904, guid: be73b85d8bb808f47bb0a46e41f45db0, type: 3}
      propertyPath: m_LocalScale.z
      value: 0.2
      objectReference: {fileID: 0}
    - target: {fileID: 4152211673555904, guid: be73b85d8bb808f47bb0a46e41f45db0, type: 3}
      propertyPath: m_LocalPosition.x
      value: 1.095
      objectReference: {fileID: 0}
    - target: {fileID: 4152211673555904, guid: be73b85d8bb808f47bb0a46e41f45db0, type: 3}
      propertyPath: m_LocalPosition.y
      value: 0.832
      objectReference: {fileID: 0}
    - target: {fileID: 4152211673555904, guid: be73b85d8bb808f47bb0a46e41f45db0, type: 3}
      propertyPath: m_LocalPosition.z
      value: -2.807
      objectReference: {fileID: 0}
    - target: {fileID: 4152211673555904, guid: be73b85d8bb808f47bb0a46e41f45db0, type: 3}
      propertyPath: m_LocalRotation.w
      value: 1
      objectReference: {fileID: 0}
    - target: {fileID: 4152211673555904, guid: be73b85d8bb808f47bb0a46e41f45db0, type: 3}
      propertyPath: m_LocalRotation.x
      value: -0
      objectReference: {fileID: 0}
    - target: {fileID: 4152211673555904, guid: be73b85d8bb808f47bb0a46e41f45db0, type: 3}
      propertyPath: m_LocalRotation.y
      value: -0
      objectReference: {fileID: 0}
    - target: {fileID: 4152211673555904, guid: be73b85d8bb808f47bb0a46e41f45db0, type: 3}
      propertyPath: m_LocalRotation.z
      value: -0
      objectReference: {fileID: 0}
    - target: {fileID: 4152211673555904, guid: be73b85d8bb808f47bb0a46e41f45db0, type: 3}
      propertyPath: m_LocalEulerAnglesHint.x
      value: 0
      objectReference: {fileID: 0}
    - target: {fileID: 4152211673555904, guid: be73b85d8bb808f47bb0a46e41f45db0, type: 3}
      propertyPath: m_LocalEulerAnglesHint.y
      value: 0
      objectReference: {fileID: 0}
    - target: {fileID: 4152211673555904, guid: be73b85d8bb808f47bb0a46e41f45db0, type: 3}
      propertyPath: m_LocalEulerAnglesHint.z
      value: 0
      objectReference: {fileID: 0}
    m_RemovedComponents: []
  m_SourcePrefab: {fileID: 100100000, guid: be73b85d8bb808f47bb0a46e41f45db0, type: 3}
--- !u!4 &1616460987058719866 stripped
Transform:
  m_CorrespondingSourceObject: {fileID: 4152211673555904, guid: be73b85d8bb808f47bb0a46e41f45db0, type: 3}
  m_PrefabInstance: {fileID: 1612309411613388730}
  m_PrefabAsset: {fileID: 0}
--- !u!1001 &2517803489457517769
PrefabInstance:
  m_ObjectHideFlags: 0
  serializedVersion: 2
  m_Modification:
    m_TransformParent: {fileID: 6715712311023691919}
    m_Modifications:
    - target: {fileID: 1548801266821834, guid: b707e8ff27d13cb4c8a681a5d8a607a3, type: 3}
      propertyPath: m_Name
      value: SM_Prop_TestTubes_01
      objectReference: {fileID: 0}
    - target: {fileID: 4565240510524214, guid: b707e8ff27d13cb4c8a681a5d8a607a3, type: 3}
      propertyPath: m_RootOrder
      value: 3
      objectReference: {fileID: 0}
    - target: {fileID: 4565240510524214, guid: b707e8ff27d13cb4c8a681a5d8a607a3, type: 3}
      propertyPath: m_LocalPosition.x
      value: 0.426
      objectReference: {fileID: 0}
    - target: {fileID: 4565240510524214, guid: b707e8ff27d13cb4c8a681a5d8a607a3, type: 3}
      propertyPath: m_LocalPosition.y
      value: 0.846
      objectReference: {fileID: 0}
    - target: {fileID: 4565240510524214, guid: b707e8ff27d13cb4c8a681a5d8a607a3, type: 3}
      propertyPath: m_LocalPosition.z
      value: -3.324
      objectReference: {fileID: 0}
    - target: {fileID: 4565240510524214, guid: b707e8ff27d13cb4c8a681a5d8a607a3, type: 3}
      propertyPath: m_LocalRotation.w
      value: -0.06529876
      objectReference: {fileID: 0}
    - target: {fileID: 4565240510524214, guid: b707e8ff27d13cb4c8a681a5d8a607a3, type: 3}
      propertyPath: m_LocalRotation.x
      value: -0
      objectReference: {fileID: 0}
    - target: {fileID: 4565240510524214, guid: b707e8ff27d13cb4c8a681a5d8a607a3, type: 3}
      propertyPath: m_LocalRotation.y
      value: 0.9978658
      objectReference: {fileID: 0}
    - target: {fileID: 4565240510524214, guid: b707e8ff27d13cb4c8a681a5d8a607a3, type: 3}
      propertyPath: m_LocalRotation.z
      value: -0
      objectReference: {fileID: 0}
    - target: {fileID: 4565240510524214, guid: b707e8ff27d13cb4c8a681a5d8a607a3, type: 3}
      propertyPath: m_LocalEulerAnglesHint.x
      value: 0
      objectReference: {fileID: 0}
    - target: {fileID: 4565240510524214, guid: b707e8ff27d13cb4c8a681a5d8a607a3, type: 3}
      propertyPath: m_LocalEulerAnglesHint.y
      value: 187.488
      objectReference: {fileID: 0}
    - target: {fileID: 4565240510524214, guid: b707e8ff27d13cb4c8a681a5d8a607a3, type: 3}
      propertyPath: m_LocalEulerAnglesHint.z
      value: 0
      objectReference: {fileID: 0}
    m_RemovedComponents: []
  m_SourcePrefab: {fileID: 100100000, guid: b707e8ff27d13cb4c8a681a5d8a607a3, type: 3}
--- !u!4 &2513343809600561151 stripped
Transform:
  m_CorrespondingSourceObject: {fileID: 4565240510524214, guid: b707e8ff27d13cb4c8a681a5d8a607a3, type: 3}
  m_PrefabInstance: {fileID: 2517803489457517769}
  m_PrefabAsset: {fileID: 0}
--- !u!1001 &4309198120528372250
PrefabInstance:
  m_ObjectHideFlags: 0
  serializedVersion: 2
  m_Modification:
    m_TransformParent: {fileID: 6715712311023691919}
    m_Modifications:
    - target: {fileID: 1456901185369944, guid: 2000930465090c0429093c4a8d87c39a, type: 3}
      propertyPath: m_Name
      value: SM_Prop_Detail_Pipe_02
      objectReference: {fileID: 0}
    - target: {fileID: 4508697513397624, guid: 2000930465090c0429093c4a8d87c39a, type: 3}
      propertyPath: m_RootOrder
      value: 5
      objectReference: {fileID: 0}
    - target: {fileID: 4508697513397624, guid: 2000930465090c0429093c4a8d87c39a, type: 3}
      propertyPath: m_LocalScale.x
      value: 0.4
      objectReference: {fileID: 0}
    - target: {fileID: 4508697513397624, guid: 2000930465090c0429093c4a8d87c39a, type: 3}
      propertyPath: m_LocalScale.y
      value: 0.5786532
      objectReference: {fileID: 0}
    - target: {fileID: 4508697513397624, guid: 2000930465090c0429093c4a8d87c39a, type: 3}
      propertyPath: m_LocalScale.z
      value: 0.4
      objectReference: {fileID: 0}
    - target: {fileID: 4508697513397624, guid: 2000930465090c0429093c4a8d87c39a, type: 3}
      propertyPath: m_LocalPosition.x
      value: -0.302
      objectReference: {fileID: 0}
    - target: {fileID: 4508697513397624, guid: 2000930465090c0429093c4a8d87c39a, type: 3}
      propertyPath: m_LocalPosition.y
      value: 0.513
      objectReference: {fileID: 0}
    - target: {fileID: 4508697513397624, guid: 2000930465090c0429093c4a8d87c39a, type: 3}
      propertyPath: m_LocalPosition.z
      value: -3.551
      objectReference: {fileID: 0}
    - target: {fileID: 4508697513397624, guid: 2000930465090c0429093c4a8d87c39a, type: 3}
      propertyPath: m_LocalRotation.w
      value: 0.8346929
      objectReference: {fileID: 0}
    - target: {fileID: 4508697513397624, guid: 2000930465090c0429093c4a8d87c39a, type: 3}
      propertyPath: m_LocalRotation.x
      value: -0
      objectReference: {fileID: 0}
    - target: {fileID: 4508697513397624, guid: 2000930465090c0429093c4a8d87c39a, type: 3}
      propertyPath: m_LocalRotation.y
      value: 0.5507156
      objectReference: {fileID: 0}
    - target: {fileID: 4508697513397624, guid: 2000930465090c0429093c4a8d87c39a, type: 3}
      propertyPath: m_LocalRotation.z
      value: -0
      objectReference: {fileID: 0}
    - target: {fileID: 4508697513397624, guid: 2000930465090c0429093c4a8d87c39a, type: 3}
      propertyPath: m_LocalEulerAnglesHint.x
      value: 0
      objectReference: {fileID: 0}
    - target: {fileID: 4508697513397624, guid: 2000930465090c0429093c4a8d87c39a, type: 3}
      propertyPath: m_LocalEulerAnglesHint.y
      value: 66.832
      objectReference: {fileID: 0}
    - target: {fileID: 4508697513397624, guid: 2000930465090c0429093c4a8d87c39a, type: 3}
      propertyPath: m_LocalEulerAnglesHint.z
      value: 0
      objectReference: {fileID: 0}
    m_RemovedComponents: []
  m_SourcePrefab: {fileID: 100100000, guid: 2000930465090c0429093c4a8d87c39a, type: 3}
--- !u!4 &4313705718511333218 stripped
Transform:
  m_CorrespondingSourceObject: {fileID: 4508697513397624, guid: 2000930465090c0429093c4a8d87c39a, type: 3}
  m_PrefabInstance: {fileID: 4309198120528372250}
  m_PrefabAsset: {fileID: 0}
--- !u!1001 &6715712309345631408
PrefabInstance:
  m_ObjectHideFlags: 0
  serializedVersion: 2
  m_Modification:
    m_TransformParent: {fileID: 6715712311023691919}
    m_Modifications:
    - target: {fileID: 1861359820638044, guid: 06d1f6df5e0fa744891b69d61c8db78d, type: 3}
      propertyPath: m_Name
      value: SM_Prop_Table_01 (1)
      objectReference: {fileID: 0}
    - target: {fileID: 4298889638251286, guid: 06d1f6df5e0fa744891b69d61c8db78d, type: 3}
      propertyPath: m_RootOrder
      value: 1
      objectReference: {fileID: 0}
    - target: {fileID: 4298889638251286, guid: 06d1f6df5e0fa744891b69d61c8db78d, type: 3}
      propertyPath: m_LocalPosition.x
      value: -0.014251709
      objectReference: {fileID: 0}
    - target: {fileID: 4298889638251286, guid: 06d1f6df5e0fa744891b69d61c8db78d, type: 3}
      propertyPath: m_LocalPosition.y
      value: 0
      objectReference: {fileID: 0}
    - target: {fileID: 4298889638251286, guid: 06d1f6df5e0fa744891b69d61c8db78d, type: 3}
      propertyPath: m_LocalPosition.z
      value: -2.9515026
      objectReference: {fileID: 0}
    - target: {fileID: 4298889638251286, guid: 06d1f6df5e0fa744891b69d61c8db78d, type: 3}
      propertyPath: m_LocalRotation.w
      value: 0
      objectReference: {fileID: 0}
    - target: {fileID: 4298889638251286, guid: 06d1f6df5e0fa744891b69d61c8db78d, type: 3}
      propertyPath: m_LocalRotation.x
      value: -0
      objectReference: {fileID: 0}
    - target: {fileID: 4298889638251286, guid: 06d1f6df5e0fa744891b69d61c8db78d, type: 3}
      propertyPath: m_LocalRotation.y
      value: 1
      objectReference: {fileID: 0}
    - target: {fileID: 4298889638251286, guid: 06d1f6df5e0fa744891b69d61c8db78d, type: 3}
      propertyPath: m_LocalRotation.z
      value: -0
      objectReference: {fileID: 0}
    m_RemovedComponents: []
  m_SourcePrefab: {fileID: 100100000, guid: 06d1f6df5e0fa744891b69d61c8db78d, type: 3}
--- !u!4 &6718320690586630054 stripped
Transform:
  m_CorrespondingSourceObject: {fileID: 4298889638251286, guid: 06d1f6df5e0fa744891b69d61c8db78d, type: 3}
  m_PrefabInstance: {fileID: 6715712309345631408}
  m_PrefabAsset: {fileID: 0}
--- !u!1001 &6715712309910020418
PrefabInstance:
  m_ObjectHideFlags: 0
  serializedVersion: 2
  m_Modification:
    m_TransformParent: {fileID: 6715712311023691919}
    m_Modifications:
    - target: {fileID: 1793141761196618, guid: 553a5c3889b3ac94685552c962d2d57b, type: 3}
      propertyPath: m_Name
      value: SM_Prop_Stool_02 (1)
      objectReference: {fileID: 0}
    - target: {fileID: 4858155384150006, guid: 553a5c3889b3ac94685552c962d2d57b, type: 3}
      propertyPath: m_RootOrder
      value: 0
      objectReference: {fileID: 0}
    - target: {fileID: 4858155384150006, guid: 553a5c3889b3ac94685552c962d2d57b, type: 3}
      propertyPath: m_LocalPosition.x
      value: -0.04425049
      objectReference: {fileID: 0}
    - target: {fileID: 4858155384150006, guid: 553a5c3889b3ac94685552c962d2d57b, type: 3}
      propertyPath: m_LocalPosition.y
      value: 0
      objectReference: {fileID: 0}
    - target: {fileID: 4858155384150006, guid: 553a5c3889b3ac94685552c962d2d57b, type: 3}
      propertyPath: m_LocalPosition.z
      value: -2.0675025
      objectReference: {fileID: 0}
    - target: {fileID: 4858155384150006, guid: 553a5c3889b3ac94685552c962d2d57b, type: 3}
      propertyPath: m_LocalRotation.w
      value: 1
      objectReference: {fileID: 0}
    - target: {fileID: 4858155384150006, guid: 553a5c3889b3ac94685552c962d2d57b, type: 3}
      propertyPath: m_LocalRotation.x
      value: -0
      objectReference: {fileID: 0}
    - target: {fileID: 4858155384150006, guid: 553a5c3889b3ac94685552c962d2d57b, type: 3}
      propertyPath: m_LocalRotation.y
      value: -0
      objectReference: {fileID: 0}
    - target: {fileID: 4858155384150006, guid: 553a5c3889b3ac94685552c962d2d57b, type: 3}
      propertyPath: m_LocalRotation.z
      value: -0
      objectReference: {fileID: 0}
    m_RemovedComponents: []
  m_SourcePrefab: {fileID: 100100000, guid: 553a5c3889b3ac94685552c962d2d57b, type: 3}
--- !u!4 &6710999738885879476 stripped
Transform:
  m_CorrespondingSourceObject: {fileID: 4858155384150006, guid: 553a5c3889b3ac94685552c962d2d57b, type: 3}
  m_PrefabInstance: {fileID: 6715712309910020418}
  m_PrefabAsset: {fileID: 0}
