%YAML 1.1
%TAG !u! tag:unity3d.com,2011:
--- !u!1 &2017589264763463212
GameObject:
  m_ObjectHideFlags: 0
  m_CorrespondingSourceObject: {fileID: 0}
  m_PrefabInstance: {fileID: 0}
  m_PrefabAsset: {fileID: 0}
  serializedVersion: 6
  m_Component:
  - component: {fileID: 2017589264763463213}
  m_Layer: 0
  m_Name: Bureau(3)
  m_TagString: Untagged
  m_Icon: {fileID: 0}
  m_NavMeshLayer: 0
  m_StaticEditorFlags: 0
  m_IsActive: 1
--- !u!4 &2017589264763463213
Transform:
  m_ObjectHideFlags: 0
  m_CorrespondingSourceObject: {fileID: 0}
  m_PrefabInstance: {fileID: 0}
  m_PrefabAsset: {fileID: 0}
  m_GameObject: {fileID: 2017589264763463212}
  m_LocalRotation: {x: -0, y: -0, z: -0, w: 1}
  m_LocalPosition: {x: 0, y: 0, z: 0}
  m_LocalScale: {x: 1, y: 1, z: 1}
  m_Children:
  - {fileID: 2013301920449466877}
  - {fileID: 2012731661754489251}
  - {fileID: 2380515571216081552}
  - {fileID: 2380281951595174084}
  - {fileID: 2384557823934633259}
  - {fileID: 2380481892813379786}
  - {fileID: 2380288127184261852}
  - {fileID: 2384549204213696423}
  - {fileID: 2384374150131427474}
  - {fileID: 9203669440093158997}
  m_Father: {fileID: 0}
  m_RootOrder: 0
  m_LocalEulerAnglesHint: {x: 0, y: 0, z: 0}
--- !u!1001 &2017589265199877717
PrefabInstance:
  m_ObjectHideFlags: 0
  serializedVersion: 2
  m_Modification:
    m_TransformParent: {fileID: 2017589264763463213}
    m_Modifications:
    - target: {fileID: 1793141761196618, guid: 553a5c3889b3ac94685552c962d2d57b, type: 3}
      propertyPath: m_Name
      value: SM_Prop_Stool_02
      objectReference: {fileID: 0}
    - target: {fileID: 4858155384150006, guid: 553a5c3889b3ac94685552c962d2d57b, type: 3}
      propertyPath: m_RootOrder
      value: 1
      objectReference: {fileID: 0}
    - target: {fileID: 4858155384150006, guid: 553a5c3889b3ac94685552c962d2d57b, type: 3}
      propertyPath: m_LocalPosition.x
      value: -2.5
      objectReference: {fileID: 0}
    - target: {fileID: 4858155384150006, guid: 553a5c3889b3ac94685552c962d2d57b, type: 3}
      propertyPath: m_LocalPosition.y
      value: 0
      objectReference: {fileID: 0}
    - target: {fileID: 4858155384150006, guid: 553a5c3889b3ac94685552c962d2d57b, type: 3}
      propertyPath: m_LocalPosition.z
      value: -1.7270012
      objectReference: {fileID: 0}
    - target: {fileID: 4858155384150006, guid: 553a5c3889b3ac94685552c962d2d57b, type: 3}
      propertyPath: m_LocalRotation.w
      value: 0
      objectReference: {fileID: 0}
    - target: {fileID: 4858155384150006, guid: 553a5c3889b3ac94685552c962d2d57b, type: 3}
      propertyPath: m_LocalRotation.x
      value: -0
      objectReference: {fileID: 0}
    - target: {fileID: 4858155384150006, guid: 553a5c3889b3ac94685552c962d2d57b, type: 3}
      propertyPath: m_LocalRotation.y
      value: 1
      objectReference: {fileID: 0}
    - target: {fileID: 4858155384150006, guid: 553a5c3889b3ac94685552c962d2d57b, type: 3}
      propertyPath: m_LocalRotation.z
      value: -0
      objectReference: {fileID: 0}
    - target: {fileID: 4858155384150006, guid: 553a5c3889b3ac94685552c962d2d57b, type: 3}
      propertyPath: m_LocalEulerAnglesHint.x
      value: 0
      objectReference: {fileID: 0}
    - target: {fileID: 4858155384150006, guid: 553a5c3889b3ac94685552c962d2d57b, type: 3}
      propertyPath: m_LocalEulerAnglesHint.y
      value: 180
      objectReference: {fileID: 0}
    - target: {fileID: 4858155384150006, guid: 553a5c3889b3ac94685552c962d2d57b, type: 3}
      propertyPath: m_LocalEulerAnglesHint.z
      value: 0
      objectReference: {fileID: 0}
    m_RemovedComponents: []
  m_SourcePrefab: {fileID: 100100000, guid: 553a5c3889b3ac94685552c962d2d57b, type: 3}
--- !u!4 &2012731661754489251 stripped
Transform:
  m_CorrespondingSourceObject: {fileID: 4858155384150006, guid: 553a5c3889b3ac94685552c962d2d57b, type: 3}
  m_PrefabInstance: {fileID: 2017589265199877717}
  m_PrefabAsset: {fileID: 0}
--- !u!1001 &2017589265215625963
PrefabInstance:
  m_ObjectHideFlags: 0
  serializedVersion: 2
  m_Modification:
    m_TransformParent: {fileID: 2017589264763463213}
    m_Modifications:
    - target: {fileID: 1861359820638044, guid: 06d1f6df5e0fa744891b69d61c8db78d, type: 3}
      propertyPath: m_Name
      value: SM_Prop_Table_01
      objectReference: {fileID: 0}
    - target: {fileID: 4298889638251286, guid: 06d1f6df5e0fa744891b69d61c8db78d, type: 3}
      propertyPath: m_RootOrder
      value: 0
      objectReference: {fileID: 0}
    - target: {fileID: 4298889638251286, guid: 06d1f6df5e0fa744891b69d61c8db78d, type: 3}
      propertyPath: m_LocalPosition.x
      value: -2.5
      objectReference: {fileID: 0}
    - target: {fileID: 4298889638251286, guid: 06d1f6df5e0fa744891b69d61c8db78d, type: 3}
      propertyPath: m_LocalPosition.y
      value: 0.04045868
      objectReference: {fileID: 0}
    - target: {fileID: 4298889638251286, guid: 06d1f6df5e0fa744891b69d61c8db78d, type: 3}
      propertyPath: m_LocalPosition.z
      value: -1.3563957
      objectReference: {fileID: 0}
    - target: {fileID: 4298889638251286, guid: 06d1f6df5e0fa744891b69d61c8db78d, type: 3}
      propertyPath: m_LocalRotation.w
      value: 1
      objectReference: {fileID: 0}
    - target: {fileID: 4298889638251286, guid: 06d1f6df5e0fa744891b69d61c8db78d, type: 3}
      propertyPath: m_LocalRotation.x
      value: -0
      objectReference: {fileID: 0}
    - target: {fileID: 4298889638251286, guid: 06d1f6df5e0fa744891b69d61c8db78d, type: 3}
      propertyPath: m_LocalRotation.y
      value: -0
      objectReference: {fileID: 0}
    - target: {fileID: 4298889638251286, guid: 06d1f6df5e0fa744891b69d61c8db78d, type: 3}
      propertyPath: m_LocalRotation.z
      value: -0
      objectReference: {fileID: 0}
    - target: {fileID: 4298889638251286, guid: 06d1f6df5e0fa744891b69d61c8db78d, type: 3}
      propertyPath: m_LocalEulerAnglesHint.x
      value: 0
      objectReference: {fileID: 0}
    - target: {fileID: 4298889638251286, guid: 06d1f6df5e0fa744891b69d61c8db78d, type: 3}
      propertyPath: m_LocalEulerAnglesHint.y
      value: 0
      objectReference: {fileID: 0}
    - target: {fileID: 4298889638251286, guid: 06d1f6df5e0fa744891b69d61c8db78d, type: 3}
      propertyPath: m_LocalEulerAnglesHint.z
      value: 0
      objectReference: {fileID: 0}
    m_RemovedComponents: []
  m_SourcePrefab: {fileID: 100100000, guid: 06d1f6df5e0fa744891b69d61c8db78d, type: 3}
--- !u!4 &2013301920449466877 stripped
Transform:
  m_CorrespondingSourceObject: {fileID: 4298889638251286, guid: 06d1f6df5e0fa744891b69d61c8db78d, type: 3}
  m_PrefabInstance: {fileID: 2017589265215625963}
  m_PrefabAsset: {fileID: 0}
--- !u!1001 &2380054346892493579
PrefabInstance:
  m_ObjectHideFlags: 0
  serializedVersion: 2
  m_Modification:
    m_TransformParent: {fileID: 2017589264763463213}
    m_Modifications:
    - target: {fileID: 1305276459417350, guid: e6699b1a02c22234aa65b17ee787fea4, type: 3}
      propertyPath: m_Name
      value: SM_Prop_Buttons_06
      objectReference: {fileID: 0}
    - target: {fileID: 4504035543897632, guid: e6699b1a02c22234aa65b17ee787fea4, type: 3}
      propertyPath: m_RootOrder
      value: 4
      objectReference: {fileID: 0}
    - target: {fileID: 4504035543897632, guid: e6699b1a02c22234aa65b17ee787fea4, type: 3}
      propertyPath: m_LocalPosition.x
      value: -3.002
      objectReference: {fileID: 0}
    - target: {fileID: 4504035543897632, guid: e6699b1a02c22234aa65b17ee787fea4, type: 3}
      propertyPath: m_LocalPosition.y
      value: 0.887
      objectReference: {fileID: 0}
    - target: {fileID: 4504035543897632, guid: e6699b1a02c22234aa65b17ee787fea4, type: 3}
      propertyPath: m_LocalPosition.z
      value: -1.0160007
      objectReference: {fileID: 0}
    - target: {fileID: 4504035543897632, guid: e6699b1a02c22234aa65b17ee787fea4, type: 3}
      propertyPath: m_LocalRotation.w
      value: 0.7071068
      objectReference: {fileID: 0}
    - target: {fileID: 4504035543897632, guid: e6699b1a02c22234aa65b17ee787fea4, type: 3}
      propertyPath: m_LocalRotation.x
      value: -0
      objectReference: {fileID: 0}
    - target: {fileID: 4504035543897632, guid: e6699b1a02c22234aa65b17ee787fea4, type: 3}
      propertyPath: m_LocalRotation.y
      value: 0.7071068
      objectReference: {fileID: 0}
    - target: {fileID: 4504035543897632, guid: e6699b1a02c22234aa65b17ee787fea4, type: 3}
      propertyPath: m_LocalRotation.z
      value: -0
      objectReference: {fileID: 0}
    - target: {fileID: 4504035543897632, guid: e6699b1a02c22234aa65b17ee787fea4, type: 3}
      propertyPath: m_LocalEulerAnglesHint.x
      value: 0
      objectReference: {fileID: 0}
    - target: {fileID: 4504035543897632, guid: e6699b1a02c22234aa65b17ee787fea4, type: 3}
      propertyPath: m_LocalEulerAnglesHint.y
      value: 90
      objectReference: {fileID: 0}
    - target: {fileID: 4504035543897632, guid: e6699b1a02c22234aa65b17ee787fea4, type: 3}
      propertyPath: m_LocalEulerAnglesHint.z
      value: 0
      objectReference: {fileID: 0}
    m_RemovedComponents: []
  m_SourcePrefab: {fileID: 100100000, guid: e6699b1a02c22234aa65b17ee787fea4, type: 3}
--- !u!4 &2384557823934633259 stripped
Transform:
  m_CorrespondingSourceObject: {fileID: 4504035543897632, guid: e6699b1a02c22234aa65b17ee787fea4, type: 3}
  m_PrefabInstance: {fileID: 2380054346892493579}
  m_PrefabAsset: {fileID: 0}
--- !u!1001 &2380054347465438600
PrefabInstance:
  m_ObjectHideFlags: 0
  serializedVersion: 2
  m_Modification:
    m_TransformParent: {fileID: 2017589264763463213}
    m_Modifications:
    - target: {fileID: 1150499352573862, guid: f061716c3422949409d81690c15acde1, type: 3}
      propertyPath: m_Name
      value: SM_Prop_Keycard_03
      objectReference: {fileID: 0}
    - target: {fileID: 4454136516422988, guid: f061716c3422949409d81690c15acde1, type: 3}
      propertyPath: m_RootOrder
      value: 3
      objectReference: {fileID: 0}
    - target: {fileID: 4454136516422988, guid: f061716c3422949409d81690c15acde1, type: 3}
      propertyPath: m_LocalScale.x
      value: 2.4450412
      objectReference: {fileID: 0}
    - target: {fileID: 4454136516422988, guid: f061716c3422949409d81690c15acde1, type: 3}
      propertyPath: m_LocalScale.z
      value: 0.3283726
      objectReference: {fileID: 0}
    - target: {fileID: 4454136516422988, guid: f061716c3422949409d81690c15acde1, type: 3}
      propertyPath: m_LocalPosition.x
      value: -1.696
      objectReference: {fileID: 0}
    - target: {fileID: 4454136516422988, guid: f061716c3422949409d81690c15acde1, type: 3}
      propertyPath: m_LocalPosition.y
      value: 0.887
      objectReference: {fileID: 0}
    - target: {fileID: 4454136516422988, guid: f061716c3422949409d81690c15acde1, type: 3}
      propertyPath: m_LocalPosition.z
      value: -1.3610001
      objectReference: {fileID: 0}
    - target: {fileID: 4454136516422988, guid: f061716c3422949409d81690c15acde1, type: 3}
      propertyPath: m_LocalRotation.w
      value: 0.61237246
      objectReference: {fileID: 0}
    - target: {fileID: 4454136516422988, guid: f061716c3422949409d81690c15acde1, type: 3}
      propertyPath: m_LocalRotation.x
      value: 0.61237246
      objectReference: {fileID: 0}
    - target: {fileID: 4454136516422988, guid: f061716c3422949409d81690c15acde1, type: 3}
      propertyPath: m_LocalRotation.y
      value: 0.3535534
      objectReference: {fileID: 0}
    - target: {fileID: 4454136516422988, guid: f061716c3422949409d81690c15acde1, type: 3}
      propertyPath: m_LocalRotation.z
      value: -0.3535534
      objectReference: {fileID: 0}
    - target: {fileID: 4454136516422988, guid: f061716c3422949409d81690c15acde1, type: 3}
      propertyPath: m_LocalEulerAnglesHint.x
      value: 90
      objectReference: {fileID: 0}
    - target: {fileID: 4454136516422988, guid: f061716c3422949409d81690c15acde1, type: 3}
      propertyPath: m_LocalEulerAnglesHint.y
      value: 60
      objectReference: {fileID: 0}
    - target: {fileID: 4454136516422988, guid: f061716c3422949409d81690c15acde1, type: 3}
      propertyPath: m_LocalEulerAnglesHint.z
      value: 0
      objectReference: {fileID: 0}
    m_RemovedComponents: []
  m_SourcePrefab: {fileID: 100100000, guid: f061716c3422949409d81690c15acde1, type: 3}
--- !u!4 &2380281951595174084 stripped
Transform:
  m_CorrespondingSourceObject: {fileID: 4454136516422988, guid: f061716c3422949409d81690c15acde1, type: 3}
  m_PrefabInstance: {fileID: 2380054347465438600}
  m_PrefabAsset: {fileID: 0}
--- !u!1001 &2380054347629133104
PrefabInstance:
  m_ObjectHideFlags: 0
  serializedVersion: 2
  m_Modification:
    m_TransformParent: {fileID: 2017589264763463213}
    m_Modifications:
    - target: {fileID: 1161437526377032, guid: 0a257c3bc10a86c4abdc82e3baec91e1, type: 3}
      propertyPath: m_Name
      value: SM_Prop_Posters_03
      objectReference: {fileID: 0}
    - target: {fileID: 4200809198788512, guid: 0a257c3bc10a86c4abdc82e3baec91e1, type: 3}
      propertyPath: m_RootOrder
      value: 2
      objectReference: {fileID: 0}
    - target: {fileID: 4200809198788512, guid: 0a257c3bc10a86c4abdc82e3baec91e1, type: 3}
      propertyPath: m_LocalPosition.x
      value: -2.423
      objectReference: {fileID: 0}
    - target: {fileID: 4200809198788512, guid: 0a257c3bc10a86c4abdc82e3baec91e1, type: 3}
      propertyPath: m_LocalPosition.y
      value: 0.887
      objectReference: {fileID: 0}
    - target: {fileID: 4200809198788512, guid: 0a257c3bc10a86c4abdc82e3baec91e1, type: 3}
      propertyPath: m_LocalPosition.z
      value: -0.9200001
      objectReference: {fileID: 0}
    - target: {fileID: 4200809198788512, guid: 0a257c3bc10a86c4abdc82e3baec91e1, type: 3}
      propertyPath: m_LocalRotation.w
      value: 0.8419964
      objectReference: {fileID: 0}
    - target: {fileID: 4200809198788512, guid: 0a257c3bc10a86c4abdc82e3baec91e1, type: 3}
      propertyPath: m_LocalRotation.x
      value: -0
      objectReference: {fileID: 0}
    - target: {fileID: 4200809198788512, guid: 0a257c3bc10a86c4abdc82e3baec91e1, type: 3}
      propertyPath: m_LocalRotation.y
      value: -0.5394832
      objectReference: {fileID: 0}
    - target: {fileID: 4200809198788512, guid: 0a257c3bc10a86c4abdc82e3baec91e1, type: 3}
      propertyPath: m_LocalRotation.z
      value: -0
      objectReference: {fileID: 0}
    - target: {fileID: 4200809198788512, guid: 0a257c3bc10a86c4abdc82e3baec91e1, type: 3}
      propertyPath: m_LocalEulerAnglesHint.x
      value: 0
      objectReference: {fileID: 0}
    - target: {fileID: 4200809198788512, guid: 0a257c3bc10a86c4abdc82e3baec91e1, type: 3}
      propertyPath: m_LocalEulerAnglesHint.y
      value: -65.297
      objectReference: {fileID: 0}
    - target: {fileID: 4200809198788512, guid: 0a257c3bc10a86c4abdc82e3baec91e1, type: 3}
      propertyPath: m_LocalEulerAnglesHint.z
      value: 0
      objectReference: {fileID: 0}
    m_RemovedComponents: []
  m_SourcePrefab: {fileID: 100100000, guid: 0a257c3bc10a86c4abdc82e3baec91e1, type: 3}
--- !u!4 &2380515571216081552 stripped
Transform:
  m_CorrespondingSourceObject: {fileID: 4200809198788512, guid: 0a257c3bc10a86c4abdc82e3baec91e1, type: 3}
  m_PrefabInstance: {fileID: 2380054347629133104}
  m_PrefabAsset: {fileID: 0}
--- !u!1001 &2380054347869972648
PrefabInstance:
  m_ObjectHideFlags: 0
  serializedVersion: 2
  m_Modification:
    m_TransformParent: {fileID: 2017589264763463213}
    m_Modifications:
    - target: {fileID: 1641824455757700, guid: d89f3bed38f0fcc409c3d32eedc6f5a5, type: 3}
      propertyPath: m_Name
      value: SM_Prop_Test_Tube_01
      objectReference: {fileID: 0}
    - target: {fileID: 4883453663035450, guid: d89f3bed38f0fcc409c3d32eedc6f5a5, type: 3}
      propertyPath: m_RootOrder
      value: 8
      objectReference: {fileID: 0}
    - target: {fileID: 4883453663035450, guid: d89f3bed38f0fcc409c3d32eedc6f5a5, type: 3}
      propertyPath: m_LocalPosition.x
      value: -1.205
      objectReference: {fileID: 0}
    - target: {fileID: 4883453663035450, guid: d89f3bed38f0fcc409c3d32eedc6f5a5, type: 3}
      propertyPath: m_LocalPosition.y
      value: 0.87850773
      objectReference: {fileID: 0}
    - target: {fileID: 4883453663035450, guid: d89f3bed38f0fcc409c3d32eedc6f5a5, type: 3}
      propertyPath: m_LocalPosition.z
      value: -1.4110003
      objectReference: {fileID: 0}
    - target: {fileID: 4883453663035450, guid: d89f3bed38f0fcc409c3d32eedc6f5a5, type: 3}
      propertyPath: m_LocalRotation.w
      value: 1
      objectReference: {fileID: 0}
    - target: {fileID: 4883453663035450, guid: d89f3bed38f0fcc409c3d32eedc6f5a5, type: 3}
      propertyPath: m_LocalRotation.x
      value: -0
      objectReference: {fileID: 0}
    - target: {fileID: 4883453663035450, guid: d89f3bed38f0fcc409c3d32eedc6f5a5, type: 3}
      propertyPath: m_LocalRotation.y
      value: -0
      objectReference: {fileID: 0}
    - target: {fileID: 4883453663035450, guid: d89f3bed38f0fcc409c3d32eedc6f5a5, type: 3}
      propertyPath: m_LocalRotation.z
      value: -0
      objectReference: {fileID: 0}
    - target: {fileID: 4883453663035450, guid: d89f3bed38f0fcc409c3d32eedc6f5a5, type: 3}
      propertyPath: m_LocalEulerAnglesHint.x
      value: 0
      objectReference: {fileID: 0}
    - target: {fileID: 4883453663035450, guid: d89f3bed38f0fcc409c3d32eedc6f5a5, type: 3}
      propertyPath: m_LocalEulerAnglesHint.y
      value: 0
      objectReference: {fileID: 0}
    - target: {fileID: 4883453663035450, guid: d89f3bed38f0fcc409c3d32eedc6f5a5, type: 3}
      propertyPath: m_LocalEulerAnglesHint.z
      value: 0
      objectReference: {fileID: 0}
    m_RemovedComponents: []
  m_SourcePrefab: {fileID: 100100000, guid: d89f3bed38f0fcc409c3d32eedc6f5a5, type: 3}
--- !u!4 &2384374150131427474 stripped
Transform:
  m_CorrespondingSourceObject: {fileID: 4883453663035450, guid: d89f3bed38f0fcc409c3d32eedc6f5a5, type: 3}
  m_PrefabInstance: {fileID: 2380054347869972648}
  m_PrefabAsset: {fileID: 0}
--- !u!1001 &2380054348566146193
PrefabInstance:
  m_ObjectHideFlags: 0
  serializedVersion: 2
  m_Modification:
    m_TransformParent: {fileID: 2017589264763463213}
    m_Modifications:
    - target: {fileID: 1548801266821834, guid: b707e8ff27d13cb4c8a681a5d8a607a3, type: 3}
      propertyPath: m_Name
      value: SM_Prop_TestTubes_01
      objectReference: {fileID: 0}
    - target: {fileID: 4565240510524214, guid: b707e8ff27d13cb4c8a681a5d8a607a3, type: 3}
      propertyPath: m_RootOrder
      value: 7
      objectReference: {fileID: 0}
    - target: {fileID: 4565240510524214, guid: b707e8ff27d13cb4c8a681a5d8a607a3, type: 3}
      propertyPath: m_LocalPosition.x
      value: -3.615
      objectReference: {fileID: 0}
    - target: {fileID: 4565240510524214, guid: b707e8ff27d13cb4c8a681a5d8a607a3, type: 3}
      propertyPath: m_LocalPosition.y
      value: 0.852
      objectReference: {fileID: 0}
    - target: {fileID: 4565240510524214, guid: b707e8ff27d13cb4c8a681a5d8a607a3, type: 3}
      propertyPath: m_LocalPosition.z
      value: -1.4580002
      objectReference: {fileID: 0}
    - target: {fileID: 4565240510524214, guid: b707e8ff27d13cb4c8a681a5d8a607a3, type: 3}
      propertyPath: m_LocalRotation.w
      value: 0.90422875
      objectReference: {fileID: 0}
    - target: {fileID: 4565240510524214, guid: b707e8ff27d13cb4c8a681a5d8a607a3, type: 3}
      propertyPath: m_LocalRotation.x
      value: -0
      objectReference: {fileID: 0}
    - target: {fileID: 4565240510524214, guid: b707e8ff27d13cb4c8a681a5d8a607a3, type: 3}
      propertyPath: m_LocalRotation.y
      value: -0.42704853
      objectReference: {fileID: 0}
    - target: {fileID: 4565240510524214, guid: b707e8ff27d13cb4c8a681a5d8a607a3, type: 3}
      propertyPath: m_LocalRotation.z
      value: -0
      objectReference: {fileID: 0}
    - target: {fileID: 4565240510524214, guid: b707e8ff27d13cb4c8a681a5d8a607a3, type: 3}
      propertyPath: m_LocalEulerAnglesHint.x
      value: 0
      objectReference: {fileID: 0}
    - target: {fileID: 4565240510524214, guid: b707e8ff27d13cb4c8a681a5d8a607a3, type: 3}
      propertyPath: m_LocalEulerAnglesHint.y
      value: -50.561
      objectReference: {fileID: 0}
    - target: {fileID: 4565240510524214, guid: b707e8ff27d13cb4c8a681a5d8a607a3, type: 3}
      propertyPath: m_LocalEulerAnglesHint.z
      value: 0
      objectReference: {fileID: 0}
    m_RemovedComponents: []
  m_SourcePrefab: {fileID: 100100000, guid: b707e8ff27d13cb4c8a681a5d8a607a3, type: 3}
--- !u!4 &2384549204213696423 stripped
Transform:
  m_CorrespondingSourceObject: {fileID: 4565240510524214, guid: b707e8ff27d13cb4c8a681a5d8a607a3, type: 3}
  m_PrefabInstance: {fileID: 2380054348566146193}
  m_PrefabAsset: {fileID: 0}
--- !u!1001 &2380054348607940306
PrefabInstance:
  m_ObjectHideFlags: 0
  serializedVersion: 2
  m_Modification:
    m_TransformParent: {fileID: 2017589264763463213}
    m_Modifications:
    - target: {fileID: 1492643455542174, guid: 1f2f7650864c8e34d88b45cc6ebd6d6e, type: 3}
      propertyPath: m_Name
      value: SM_Prop_Buttons_09
      objectReference: {fileID: 0}
    - target: {fileID: 4465809569330190, guid: 1f2f7650864c8e34d88b45cc6ebd6d6e, type: 3}
      propertyPath: m_RootOrder
      value: 6
      objectReference: {fileID: 0}
    - target: {fileID: 4465809569330190, guid: 1f2f7650864c8e34d88b45cc6ebd6d6e, type: 3}
      propertyPath: m_LocalPosition.x
      value: -2.499
      objectReference: {fileID: 0}
    - target: {fileID: 4465809569330190, guid: 1f2f7650864c8e34d88b45cc6ebd6d6e, type: 3}
      propertyPath: m_LocalPosition.y
      value: 0.871
      objectReference: {fileID: 0}
    - target: {fileID: 4465809569330190, guid: 1f2f7650864c8e34d88b45cc6ebd6d6e, type: 3}
      propertyPath: m_LocalPosition.z
      value: -1.4070005
      objectReference: {fileID: 0}
    - target: {fileID: 4465809569330190, guid: 1f2f7650864c8e34d88b45cc6ebd6d6e, type: 3}
      propertyPath: m_LocalRotation.w
      value: 0
      objectReference: {fileID: 0}
    - target: {fileID: 4465809569330190, guid: 1f2f7650864c8e34d88b45cc6ebd6d6e, type: 3}
      propertyPath: m_LocalRotation.x
      value: -0
      objectReference: {fileID: 0}
    - target: {fileID: 4465809569330190, guid: 1f2f7650864c8e34d88b45cc6ebd6d6e, type: 3}
      propertyPath: m_LocalRotation.y
      value: 1
      objectReference: {fileID: 0}
    - target: {fileID: 4465809569330190, guid: 1f2f7650864c8e34d88b45cc6ebd6d6e, type: 3}
      propertyPath: m_LocalRotation.z
      value: -0
      objectReference: {fileID: 0}
    - target: {fileID: 4465809569330190, guid: 1f2f7650864c8e34d88b45cc6ebd6d6e, type: 3}
      propertyPath: m_LocalEulerAnglesHint.x
      value: 0
      objectReference: {fileID: 0}
    - target: {fileID: 4465809569330190, guid: 1f2f7650864c8e34d88b45cc6ebd6d6e, type: 3}
      propertyPath: m_LocalEulerAnglesHint.y
      value: 180
      objectReference: {fileID: 0}
    - target: {fileID: 4465809569330190, guid: 1f2f7650864c8e34d88b45cc6ebd6d6e, type: 3}
      propertyPath: m_LocalEulerAnglesHint.z
      value: 0
      objectReference: {fileID: 0}
    m_RemovedComponents: []
  m_SourcePrefab: {fileID: 100100000, guid: 1f2f7650864c8e34d88b45cc6ebd6d6e, type: 3}
--- !u!4 &2380288127184261852 stripped
Transform:
  m_CorrespondingSourceObject: {fileID: 4465809569330190, guid: 1f2f7650864c8e34d88b45cc6ebd6d6e, type: 3}
  m_PrefabInstance: {fileID: 2380054348607940306}
  m_PrefabAsset: {fileID: 0}
--- !u!1001 &2380054348639712220
PrefabInstance:
  m_ObjectHideFlags: 0
  serializedVersion: 2
  m_Modification:
    m_TransformParent: {fileID: 2017589264763463213}
    m_Modifications:
    - target: {fileID: 1604251589714532, guid: dd2548994ce0abe4eb74b7f18810b390, type: 3}
      propertyPath: m_Name
      value: SM_Prop_Buttons_10
      objectReference: {fileID: 0}
    - target: {fileID: 4096207545641750, guid: dd2548994ce0abe4eb74b7f18810b390, type: 3}
      propertyPath: m_RootOrder
      value: 5
      objectReference: {fileID: 0}
    - target: {fileID: 4096207545641750, guid: dd2548994ce0abe4eb74b7f18810b390, type: 3}
      propertyPath: m_LocalPosition.x
      value: -1.8828192
      objectReference: {fileID: 0}
    - target: {fileID: 4096207545641750, guid: dd2548994ce0abe4eb74b7f18810b390, type: 3}
      propertyPath: m_LocalPosition.y
      value: 0.887
      objectReference: {fileID: 0}
    - target: {fileID: 4096207545641750, guid: dd2548994ce0abe4eb74b7f18810b390, type: 3}
      propertyPath: m_LocalPosition.z
      value: -0.90689754
      objectReference: {fileID: 0}
    - target: {fileID: 4096207545641750, guid: dd2548994ce0abe4eb74b7f18810b390, type: 3}
      propertyPath: m_LocalRotation.w
      value: 1
      objectReference: {fileID: 0}
    - target: {fileID: 4096207545641750, guid: dd2548994ce0abe4eb74b7f18810b390, type: 3}
      propertyPath: m_LocalRotation.x
      value: -0
      objectReference: {fileID: 0}
    - target: {fileID: 4096207545641750, guid: dd2548994ce0abe4eb74b7f18810b390, type: 3}
      propertyPath: m_LocalRotation.y
      value: -0
      objectReference: {fileID: 0}
    - target: {fileID: 4096207545641750, guid: dd2548994ce0abe4eb74b7f18810b390, type: 3}
      propertyPath: m_LocalRotation.z
      value: -0
      objectReference: {fileID: 0}
    - target: {fileID: 4096207545641750, guid: dd2548994ce0abe4eb74b7f18810b390, type: 3}
      propertyPath: m_LocalEulerAnglesHint.x
      value: 0
      objectReference: {fileID: 0}
    - target: {fileID: 4096207545641750, guid: dd2548994ce0abe4eb74b7f18810b390, type: 3}
      propertyPath: m_LocalEulerAnglesHint.y
      value: 0
      objectReference: {fileID: 0}
    - target: {fileID: 4096207545641750, guid: dd2548994ce0abe4eb74b7f18810b390, type: 3}
      propertyPath: m_LocalEulerAnglesHint.z
      value: 0
      objectReference: {fileID: 0}
    m_RemovedComponents: []
  m_SourcePrefab: {fileID: 100100000, guid: dd2548994ce0abe4eb74b7f18810b390, type: 3}
--- !u!4 &2380481892813379786 stripped
Transform:
  m_CorrespondingSourceObject: {fileID: 4096207545641750, guid: dd2548994ce0abe4eb74b7f18810b390, type: 3}
  m_PrefabInstance: {fileID: 2380054348639712220}
  m_PrefabAsset: {fileID: 0}
--- !u!1001 &7583054918754455722
PrefabInstance:
  m_ObjectHideFlags: 0
  serializedVersion: 2
  m_Modification:
    m_TransformParent: {fileID: 2017589264763463213}
    m_Modifications:
    - target: {fileID: 1623104365692563199, guid: f3ef19844d8d605478c07e581e13490f, type: 3}
      propertyPath: m_RootOrder
      value: 9
      objectReference: {fileID: 0}
    - target: {fileID: 1623104365692563199, guid: f3ef19844d8d605478c07e581e13490f, type: 3}
      propertyPath: m_LocalPosition.x
      value: -2.5
      objectReference: {fileID: 0}
    - target: {fileID: 1623104365692563199, guid: f3ef19844d8d605478c07e581e13490f, type: 3}
      propertyPath: m_LocalPosition.y
      value: 1.558
      objectReference: {fileID: 0}
    - target: {fileID: 1623104365692563199, guid: f3ef19844d8d605478c07e581e13490f, type: 3}
      propertyPath: m_LocalPosition.z
      value: -0.717
      objectReference: {fileID: 0}
    - target: {fileID: 1623104365692563199, guid: f3ef19844d8d605478c07e581e13490f, type: 3}
      propertyPath: m_LocalRotation.w
      value: 0
      objectReference: {fileID: 0}
    - target: {fileID: 1623104365692563199, guid: f3ef19844d8d605478c07e581e13490f, type: 3}
      propertyPath: m_LocalRotation.x
      value: 0
      objectReference: {fileID: 0}
    - target: {fileID: 1623104365692563199, guid: f3ef19844d8d605478c07e581e13490f, type: 3}
      propertyPath: m_LocalRotation.y
      value: 1
      objectReference: {fileID: 0}
    - target: {fileID: 1623104365692563199, guid: f3ef19844d8d605478c07e581e13490f, type: 3}
      propertyPath: m_LocalRotation.z
      value: 0
      objectReference: {fileID: 0}
    - target: {fileID: 1623104365692563199, guid: f3ef19844d8d605478c07e581e13490f, type: 3}
      propertyPath: m_LocalEulerAnglesHint.x
      value: 0
      objectReference: {fileID: 0}
    - target: {fileID: 1623104365692563199, guid: f3ef19844d8d605478c07e581e13490f, type: 3}
      propertyPath: m_LocalEulerAnglesHint.y
      value: 180
      objectReference: {fileID: 0}
    - target: {fileID: 1623104365692563199, guid: f3ef19844d8d605478c07e581e13490f, type: 3}
      propertyPath: m_LocalEulerAnglesHint.z
      value: 0
      objectReference: {fileID: 0}
    - target: {fileID: 1625512710371936587, guid: f3ef19844d8d605478c07e581e13490f, type: 3}
      propertyPath: m_Name
      value: Screen(2)
      objectReference: {fileID: 0}
    m_RemovedComponents: []
  m_SourcePrefab: {fileID: 100100000, guid: f3ef19844d8d605478c07e581e13490f, type: 3}
--- !u!4 &9203669440093158997 stripped
Transform:
  m_CorrespondingSourceObject: {fileID: 1623104365692563199, guid: f3ef19844d8d605478c07e581e13490f, type: 3}
  m_PrefabInstance: {fileID: 7583054918754455722}
  m_PrefabAsset: {fileID: 0}
