%YAML 1.1
%TAG !u! tag:unity3d.com,2011:
--- !u!1 &1625512710371936587
GameObject:
  m_ObjectHideFlags: 0
  m_CorrespondingSourceObject: {fileID: 0}
  m_PrefabInstance: {fileID: 0}
  m_PrefabAsset: {fileID: 0}
  serializedVersion: 6
  m_Component:
  - component: {fileID: 1623104365692563199}
  - component: {fileID: 1656843339340739375}
  - component: {fileID: 1646946809976231243}
  - component: {fileID: 7784850890035952279}
  m_Layer: 0
  m_Name: Screen(2)
  m_TagString: Untagged
  m_Icon: {fileID: 0}
  m_NavMeshLayer: 0
  m_StaticEditorFlags: 0
  m_IsActive: 1
--- !u!4 &1623104365692563199
Transform:
  m_ObjectHideFlags: 0
  m_CorrespondingSourceObject: {fileID: 0}
  m_PrefabInstance: {fileID: 0}
  m_PrefabAsset: {fileID: 0}
  m_GameObject: {fileID: 1625512710371936587}
  m_LocalRotation: {x: 0, y: 0.72527224, z: 0, w: 0.68846226}
  m_LocalPosition: {x: 0, y: 0, z: 0}
  m_LocalScale: {x: 0.9712745, y: 1.0764575, z: 1}
  m_Children:
  - {fileID: 1623486416736299815}
  - {fileID: 1628501714202059700}
  - {fileID: 1628127372316947219}
  - {fileID: 1623501481030655620}
  - {fileID: 1623501481662742585}
  - {fileID: 1628603583740924329}
  - {fileID: 1628603585118964373}
  - {fileID: 1623371424918478710}
  - {fileID: 1628231386861010657}
  m_Father: {fileID: 0}
  m_RootOrder: 0
  m_LocalEulerAnglesHint: {x: 0, y: 92.983, z: 0}
--- !u!33 &1656843339340739375
MeshFilter:
  m_ObjectHideFlags: 0
  m_CorrespondingSourceObject: {fileID: 0}
  m_PrefabInstance: {fileID: 0}
  m_PrefabAsset: {fileID: 0}
  m_GameObject: {fileID: 1625512710371936587}
  m_Mesh: {fileID: 4300000, guid: 83537aea04643f7469b4025ebca0e35e, type: 3}
--- !u!23 &1646946809976231243
MeshRenderer:
  m_ObjectHideFlags: 0
  m_CorrespondingSourceObject: {fileID: 0}
  m_PrefabInstance: {fileID: 0}
  m_PrefabAsset: {fileID: 0}
  m_GameObject: {fileID: 1625512710371936587}
  m_Enabled: 1
  m_CastShadows: 1
  m_ReceiveShadows: 1
  m_DynamicOccludee: 1
  m_MotionVectors: 1
  m_LightProbeUsage: 1
  m_ReflectionProbeUsage: 1
  m_RayTracingMode: 2
  m_RayTraceProcedural: 0
  m_RenderingLayerMask: 1
  m_RendererPriority: 0
  m_Materials:
  - {fileID: 2100000, guid: 16979365a2f31f543847bd8b1d3dee73, type: 2}
  m_StaticBatchInfo:
    firstSubMesh: 0
    subMeshCount: 0
  m_StaticBatchRoot: {fileID: 0}
  m_ProbeAnchor: {fileID: 0}
  m_LightProbeVolumeOverride: {fileID: 0}
  m_ScaleInLightmap: 1
  m_ReceiveGI: 1
  m_PreserveUVs: 0
  m_IgnoreNormalsForChartDetection: 0
  m_ImportantGI: 0
  m_StitchLightmapSeams: 1
  m_SelectedEditorRenderState: 3
  m_MinimumChartSize: 4
  m_AutoUVMaxDistance: 0.5
  m_AutoUVMaxAngle: 89
  m_LightmapParameters: {fileID: 0}
  m_SortingLayerID: 0
  m_SortingLayer: 0
  m_SortingOrder: 0
  m_AdditionalVertexStreams: {fileID: 0}
--- !u!108 &7784850890035952279
Light:
  m_ObjectHideFlags: 0
  m_CorrespondingSourceObject: {fileID: 0}
  m_PrefabInstance: {fileID: 0}
  m_PrefabAsset: {fileID: 0}
  m_GameObject: {fileID: 1625512710371936587}
  m_Enabled: 1
  serializedVersion: 10
  m_Type: 2
  m_Shape: 0
  m_Color: {r: 0, g: 0.56719637, b: 1, a: 1}
  m_Intensity: 2
  m_Range: 10
  m_SpotAngle: 30
  m_InnerSpotAngle: 21.80208
  m_CookieSize: 10
  m_Shadows:
    m_Type: 2
    m_Resolution: -1
    m_CustomResolution: -1
    m_Strength: 1
    m_Bias: 0.05
    m_NormalBias: 0.4
    m_NearPlane: 0.2
    m_CullingMatrixOverride:
      e00: 1
      e01: 0
      e02: 0
      e03: 0
      e10: 0
      e11: 1
      e12: 0
      e13: 0
      e20: 0
      e21: 0
      e22: 1
      e23: 0
      e30: 0
      e31: 0
      e32: 0
      e33: 1
    m_UseCullingMatrixOverride: 0
  m_Cookie: {fileID: 0}
  m_DrawHalo: 0
  m_Flare: {fileID: 0}
  m_RenderMode: 0
  m_CullingMask:
    serializedVersion: 2
    m_Bits: 4294967295
  m_RenderingLayerMask: 1
  m_Lightmapping: 2
  m_LightShadowCasterMode: 0
  m_AreaSize: {x: 1, y: 1}
  m_BounceIntensity: 1
  m_ColorTemperature: 6570
  m_UseColorTemperature: 0
  m_BoundingSphereOverride: {x: 0, y: 0, z: 0, w: 0}
  m_UseBoundingSphereOverride: 0
  m_UseViewFrustumForShadowCasterCull: 1
  m_ShadowRadius: 0
  m_ShadowAngle: 0
--- !u!1001 &1623712177965362201
PrefabInstance:
  m_ObjectHideFlags: 0
  serializedVersion: 2
  m_Modification:
    m_TransformParent: {fileID: 1623104365692563199}
    m_Modifications:
    - target: {fileID: 4733017672343306, guid: 191aa21ca4bac4f4392dea427eb9e447, type: 3}
      propertyPath: m_RootOrder
      value: 2
      objectReference: {fileID: 0}
    - target: {fileID: 4733017672343306, guid: 191aa21ca4bac4f4392dea427eb9e447, type: 3}
      propertyPath: m_LocalScale.x
      value: 1.0295753
      objectReference: {fileID: 0}
    - target: {fileID: 4733017672343306, guid: 191aa21ca4bac4f4392dea427eb9e447, type: 3}
      propertyPath: m_LocalScale.y
      value: 0.928973
      objectReference: {fileID: 0}
    - target: {fileID: 4733017672343306, guid: 191aa21ca4bac4f4392dea427eb9e447, type: 3}
      propertyPath: m_LocalPosition.x
      value: 0.35932177
      objectReference: {fileID: 0}
    - target: {fileID: 4733017672343306, guid: 191aa21ca4bac4f4392dea427eb9e447, type: 3}
      propertyPath: m_LocalPosition.y
      value: 0.12355341
      objectReference: {fileID: 0}
    - target: {fileID: 4733017672343306, guid: 191aa21ca4bac4f4392dea427eb9e447, type: 3}
      propertyPath: m_LocalPosition.z
      value: 0
      objectReference: {fileID: 0}
    - target: {fileID: 4733017672343306, guid: 191aa21ca4bac4f4392dea427eb9e447, type: 3}
      propertyPath: m_LocalRotation.w
      value: 1
      objectReference: {fileID: 0}
    - target: {fileID: 4733017672343306, guid: 191aa21ca4bac4f4392dea427eb9e447, type: 3}
      propertyPath: m_LocalRotation.x
      value: 0
      objectReference: {fileID: 0}
    - target: {fileID: 4733017672343306, guid: 191aa21ca4bac4f4392dea427eb9e447, type: 3}
      propertyPath: m_LocalRotation.y
      value: 0
      objectReference: {fileID: 0}
    - target: {fileID: 4733017672343306, guid: 191aa21ca4bac4f4392dea427eb9e447, type: 3}
      propertyPath: m_LocalRotation.z
      value: 0
      objectReference: {fileID: 0}
    m_RemovedComponents: []
  m_SourcePrefab: {fileID: 100100000, guid: 191aa21ca4bac4f4392dea427eb9e447, type: 3}
--- !u!4 &1628127372316947219 stripped
Transform:
  m_CorrespondingSourceObject: {fileID: 4733017672343306, guid: 191aa21ca4bac4f4392dea427eb9e447, type: 3}
  m_PrefabInstance: {fileID: 1623712177965362201}
  m_PrefabAsset: {fileID: 0}
--- !u!1001 &1623712178013343067
PrefabInstance:
  m_ObjectHideFlags: 0
  serializedVersion: 2
  m_Modification:
    m_TransformParent: {fileID: 1623104365692563199}
    m_Modifications:
    - target: {fileID: 4563309639234490, guid: 6ab3df218ef63eb4ca0d468cd332dbef, type: 3}
      propertyPath: m_RootOrder
      value: 8
      objectReference: {fileID: 0}
    - target: {fileID: 4563309639234490, guid: 6ab3df218ef63eb4ca0d468cd332dbef, type: 3}
      propertyPath: m_LocalScale.x
      value: 2.2282522
      objectReference: {fileID: 0}
    - target: {fileID: 4563309639234490, guid: 6ab3df218ef63eb4ca0d468cd332dbef, type: 3}
      propertyPath: m_LocalScale.y
      value: 0.928973
      objectReference: {fileID: 0}
    - target: {fileID: 4563309639234490, guid: 6ab3df218ef63eb4ca0d468cd332dbef, type: 3}
      propertyPath: m_LocalPosition.x
      value: -0.27386707
      objectReference: {fileID: 0}
    - target: {fileID: 4563309639234490, guid: 6ab3df218ef63eb4ca0d468cd332dbef, type: 3}
      propertyPath: m_LocalPosition.y
      value: 0.06502811
      objectReference: {fileID: 0}
    - target: {fileID: 4563309639234490, guid: 6ab3df218ef63eb4ca0d468cd332dbef, type: 3}
      propertyPath: m_LocalPosition.z
      value: 0
      objectReference: {fileID: 0}
    - target: {fileID: 4563309639234490, guid: 6ab3df218ef63eb4ca0d468cd332dbef, type: 3}
      propertyPath: m_LocalRotation.w
      value: 0
      objectReference: {fileID: 0}
    - target: {fileID: 4563309639234490, guid: 6ab3df218ef63eb4ca0d468cd332dbef, type: 3}
      propertyPath: m_LocalRotation.x
      value: 0
      objectReference: {fileID: 0}
    - target: {fileID: 4563309639234490, guid: 6ab3df218ef63eb4ca0d468cd332dbef, type: 3}
      propertyPath: m_LocalRotation.y
      value: 1
      objectReference: {fileID: 0}
    - target: {fileID: 4563309639234490, guid: 6ab3df218ef63eb4ca0d468cd332dbef, type: 3}
      propertyPath: m_LocalRotation.z
      value: 0
      objectReference: {fileID: 0}
    m_RemovedComponents: []
  m_SourcePrefab: {fileID: 100100000, guid: 6ab3df218ef63eb4ca0d468cd332dbef, type: 3}
--- !u!4 &1628231386861010657 stripped
Transform:
  m_CorrespondingSourceObject: {fileID: 4563309639234490, guid: 6ab3df218ef63eb4ca0d468cd332dbef, type: 3}
  m_PrefabInstance: {fileID: 1623712178013343067}
  m_PrefabAsset: {fileID: 0}
--- !u!1001 &1623712178843152915
PrefabInstance:
  m_ObjectHideFlags: 0
  serializedVersion: 2
  m_Modification:
    m_TransformParent: {fileID: 1623104365692563199}
    m_Modifications:
    - target: {fileID: 1472135704922342, guid: 77200928bb40da847a49bb3cb2b3b019, type: 3}
      propertyPath: m_Name
      value: SM_Hud_Barrier_02 (1)
      objectReference: {fileID: 0}
    - target: {fileID: 4894799469115526, guid: 77200928bb40da847a49bb3cb2b3b019, type: 3}
      propertyPath: m_RootOrder
      value: 6
      objectReference: {fileID: 0}
    - target: {fileID: 4894799469115526, guid: 77200928bb40da847a49bb3cb2b3b019, type: 3}
      propertyPath: m_LocalScale.x
      value: 1.1541481
      objectReference: {fileID: 0}
    - target: {fileID: 4894799469115526, guid: 77200928bb40da847a49bb3cb2b3b019, type: 3}
      propertyPath: m_LocalScale.z
      value: 0.9289735
      objectReference: {fileID: 0}
    - target: {fileID: 4894799469115526, guid: 77200928bb40da847a49bb3cb2b3b019, type: 3}
      propertyPath: m_LocalPosition.x
      value: 0
      objectReference: {fileID: 0}
    - target: {fileID: 4894799469115526, guid: 77200928bb40da847a49bb3cb2b3b019, type: 3}
      propertyPath: m_LocalPosition.y
      value: -0.2656863
      objectReference: {fileID: 0}
    - target: {fileID: 4894799469115526, guid: 77200928bb40da847a49bb3cb2b3b019, type: 3}
      propertyPath: m_LocalPosition.z
      value: 0
      objectReference: {fileID: 0}
    - target: {fileID: 4894799469115526, guid: 77200928bb40da847a49bb3cb2b3b019, type: 3}
      propertyPath: m_LocalRotation.w
      value: 0
      objectReference: {fileID: 0}
    - target: {fileID: 4894799469115526, guid: 77200928bb40da847a49bb3cb2b3b019, type: 3}
      propertyPath: m_LocalRotation.x
      value: 0.0000020563602
      objectReference: {fileID: 0}
    - target: {fileID: 4894799469115526, guid: 77200928bb40da847a49bb3cb2b3b019, type: 3}
      propertyPath: m_LocalRotation.y
      value: -0.70710576
      objectReference: {fileID: 0}
    - target: {fileID: 4894799469115526, guid: 77200928bb40da847a49bb3cb2b3b019, type: 3}
      propertyPath: m_LocalRotation.z
      value: -0.7071079
      objectReference: {fileID: 0}
    m_RemovedComponents: []
  m_SourcePrefab: {fileID: 100100000, guid: 77200928bb40da847a49bb3cb2b3b019, type: 3}
--- !u!4 &1628603585118964373 stripped
Transform:
  m_CorrespondingSourceObject: {fileID: 4894799469115526, guid: 77200928bb40da847a49bb3cb2b3b019, type: 3}
  m_PrefabInstance: {fileID: 1623712178843152915}
  m_PrefabAsset: {fileID: 0}
--- !u!1001 &1623712178864366849
PrefabInstance:
  m_ObjectHideFlags: 0
  serializedVersion: 2
  m_Modification:
    m_TransformParent: {fileID: 1623104365692563199}
    m_Modifications:
    - target: {fileID: 4325293683805734, guid: ad1cd1933faba084ba6f0a2e15dde648, type: 3}
      propertyPath: m_RootOrder
      value: 0
      objectReference: {fileID: 0}
    - target: {fileID: 4325293683805734, guid: ad1cd1933faba084ba6f0a2e15dde648, type: 3}
      propertyPath: m_LocalScale.x
      value: 1.0295753
      objectReference: {fileID: 0}
    - target: {fileID: 4325293683805734, guid: ad1cd1933faba084ba6f0a2e15dde648, type: 3}
      propertyPath: m_LocalScale.y
      value: 0.928973
      objectReference: {fileID: 0}
    - target: {fileID: 4325293683805734, guid: ad1cd1933faba084ba6f0a2e15dde648, type: 3}
      propertyPath: m_LocalPosition.x
      value: -0.32225704
      objectReference: {fileID: 0}
    - target: {fileID: 4325293683805734, guid: ad1cd1933faba084ba6f0a2e15dde648, type: 3}
      propertyPath: m_LocalPosition.y
      value: 0.065957084
      objectReference: {fileID: 0}
    - target: {fileID: 4325293683805734, guid: ad1cd1933faba084ba6f0a2e15dde648, type: 3}
      propertyPath: m_LocalPosition.z
      value: 0
      objectReference: {fileID: 0}
    - target: {fileID: 4325293683805734, guid: ad1cd1933faba084ba6f0a2e15dde648, type: 3}
      propertyPath: m_LocalRotation.w
      value: 1
      objectReference: {fileID: 0}
    - target: {fileID: 4325293683805734, guid: ad1cd1933faba084ba6f0a2e15dde648, type: 3}
      propertyPath: m_LocalRotation.x
      value: 0
      objectReference: {fileID: 0}
    - target: {fileID: 4325293683805734, guid: ad1cd1933faba084ba6f0a2e15dde648, type: 3}
      propertyPath: m_LocalRotation.y
      value: 0
      objectReference: {fileID: 0}
    - target: {fileID: 4325293683805734, guid: ad1cd1933faba084ba6f0a2e15dde648, type: 3}
      propertyPath: m_LocalRotation.z
      value: 0
      objectReference: {fileID: 0}
    m_RemovedComponents: []
  m_SourcePrefab: {fileID: 100100000, guid: ad1cd1933faba084ba6f0a2e15dde648, type: 3}
--- !u!4 &1623486416736299815 stripped
Transform:
  m_CorrespondingSourceObject: {fileID: 4325293683805734, guid: ad1cd1933faba084ba6f0a2e15dde648, type: 3}
  m_PrefabInstance: {fileID: 1623712178864366849}
  m_PrefabAsset: {fileID: 0}
--- !u!1001 &1623712179075566409
PrefabInstance:
  m_ObjectHideFlags: 0
  serializedVersion: 2
  m_Modification:
    m_TransformParent: {fileID: 1623104365692563199}
    m_Modifications:
    - target: {fileID: 1824812887604472, guid: 9ad20ca03227a374fa44c9ae60608b6c, type: 3}
      propertyPath: m_Name
      value: SM_Hud_Barrier_01 (1)
      objectReference: {fileID: 0}
    - target: {fileID: 4292910838336368, guid: 9ad20ca03227a374fa44c9ae60608b6c, type: 3}
      propertyPath: m_RootOrder
      value: 4
      objectReference: {fileID: 0}
    - target: {fileID: 4292910838336368, guid: 9ad20ca03227a374fa44c9ae60608b6c, type: 3}
      propertyPath: m_LocalScale.x
      value: 0.9482525
      objectReference: {fileID: 0}
    - target: {fileID: 4292910838336368, guid: 9ad20ca03227a374fa44c9ae60608b6c, type: 3}
      propertyPath: m_LocalScale.y
      value: 0.9369147
      objectReference: {fileID: 0}
    - target: {fileID: 4292910838336368, guid: 9ad20ca03227a374fa44c9ae60608b6c, type: 3}
      propertyPath: m_LocalScale.z
      value: 0.9100002
      objectReference: {fileID: 0}
    - target: {fileID: 4292910838336368, guid: 9ad20ca03227a374fa44c9ae60608b6c, type: 3}
      propertyPath: m_LocalPosition.x
      value: 0.5662664
      objectReference: {fileID: 0}
    - target: {fileID: 4292910838336368, guid: 9ad20ca03227a374fa44c9ae60608b6c, type: 3}
      propertyPath: m_LocalPosition.y
      value: 0
      objectReference: {fileID: 0}
    - target: {fileID: 4292910838336368, guid: 9ad20ca03227a374fa44c9ae60608b6c, type: 3}
      propertyPath: m_LocalPosition.z
      value: 0
      objectReference: {fileID: 0}
    - target: {fileID: 4292910838336368, guid: 9ad20ca03227a374fa44c9ae60608b6c, type: 3}
      propertyPath: m_LocalRotation.w
      value: -0.70710355
      objectReference: {fileID: 0}
    - target: {fileID: 4292910838336368, guid: 9ad20ca03227a374fa44c9ae60608b6c, type: 3}
      propertyPath: m_LocalRotation.x
      value: 0
      objectReference: {fileID: 0}
    - target: {fileID: 4292910838336368, guid: 9ad20ca03227a374fa44c9ae60608b6c, type: 3}
      propertyPath: m_LocalRotation.y
      value: 0
      objectReference: {fileID: 0}
    - target: {fileID: 4292910838336368, guid: 9ad20ca03227a374fa44c9ae60608b6c, type: 3}
      propertyPath: m_LocalRotation.z
      value: 0.70711005
      objectReference: {fileID: 0}
    m_RemovedComponents: []
  m_SourcePrefab: {fileID: 100100000, guid: 9ad20ca03227a374fa44c9ae60608b6c, type: 3}
--- !u!4 &1623501481662742585 stripped
Transform:
  m_CorrespondingSourceObject: {fileID: 4292910838336368, guid: 9ad20ca03227a374fa44c9ae60608b6c, type: 3}
  m_PrefabInstance: {fileID: 1623712179075566409}
  m_PrefabAsset: {fileID: 0}
--- !u!1001 &1623712179297425222
PrefabInstance:
  m_ObjectHideFlags: 0
  serializedVersion: 2
  m_Modification:
    m_TransformParent: {fileID: 1623104365692563199}
    m_Modifications:
    - target: {fileID: 4798481870845170, guid: df9a9ff89be102f46861b6d72ac62ed2, type: 3}
      propertyPath: m_RootOrder
      value: 1
      objectReference: {fileID: 0}
    - target: {fileID: 4798481870845170, guid: df9a9ff89be102f46861b6d72ac62ed2, type: 3}
      propertyPath: m_LocalScale.x
      value: 1.0295753
      objectReference: {fileID: 0}
    - target: {fileID: 4798481870845170, guid: df9a9ff89be102f46861b6d72ac62ed2, type: 3}
      propertyPath: m_LocalScale.y
      value: 0.928973
      objectReference: {fileID: 0}
    - target: {fileID: 4798481870845170, guid: df9a9ff89be102f46861b6d72ac62ed2, type: 3}
      propertyPath: m_LocalPosition.x
      value: -0.3840315
      objectReference: {fileID: 0}
    - target: {fileID: 4798481870845170, guid: df9a9ff89be102f46861b6d72ac62ed2, type: 3}
      propertyPath: m_LocalPosition.y
      value: -0.16442822
      objectReference: {fileID: 0}
    - target: {fileID: 4798481870845170, guid: df9a9ff89be102f46861b6d72ac62ed2, type: 3}
      propertyPath: m_LocalPosition.z
      value: 0
      objectReference: {fileID: 0}
    - target: {fileID: 4798481870845170, guid: df9a9ff89be102f46861b6d72ac62ed2, type: 3}
      propertyPath: m_LocalRotation.w
      value: 1
      objectReference: {fileID: 0}
    - target: {fileID: 4798481870845170, guid: df9a9ff89be102f46861b6d72ac62ed2, type: 3}
      propertyPath: m_LocalRotation.x
      value: 0
      objectReference: {fileID: 0}
    - target: {fileID: 4798481870845170, guid: df9a9ff89be102f46861b6d72ac62ed2, type: 3}
      propertyPath: m_LocalRotation.y
      value: 0
      objectReference: {fileID: 0}
    - target: {fileID: 4798481870845170, guid: df9a9ff89be102f46861b6d72ac62ed2, type: 3}
      propertyPath: m_LocalRotation.z
      value: 0
      objectReference: {fileID: 0}
    m_RemovedComponents: []
  m_SourcePrefab: {fileID: 100100000, guid: df9a9ff89be102f46861b6d72ac62ed2, type: 3}
--- !u!4 &1628501714202059700 stripped
Transform:
  m_CorrespondingSourceObject: {fileID: 4798481870845170, guid: df9a9ff89be102f46861b6d72ac62ed2, type: 3}
  m_PrefabInstance: {fileID: 1623712179297425222}
  m_PrefabAsset: {fileID: 0}
--- !u!1001 &1623712179680454959
PrefabInstance:
  m_ObjectHideFlags: 0
  serializedVersion: 2
  m_Modification:
    m_TransformParent: {fileID: 1623104365692563199}
    m_Modifications:
    - target: {fileID: 4894799469115526, guid: 77200928bb40da847a49bb3cb2b3b019, type: 3}
      propertyPath: m_RootOrder
      value: 5
      objectReference: {fileID: 0}
    - target: {fileID: 4894799469115526, guid: 77200928bb40da847a49bb3cb2b3b019, type: 3}
      propertyPath: m_LocalScale.x
      value: 1.1541471
      objectReference: {fileID: 0}
    - target: {fileID: 4894799469115526, guid: 77200928bb40da847a49bb3cb2b3b019, type: 3}
      propertyPath: m_LocalScale.z
      value: 0.9289735
      objectReference: {fileID: 0}
    - target: {fileID: 4894799469115526, guid: 77200928bb40da847a49bb3cb2b3b019, type: 3}
      propertyPath: m_LocalPosition.x
      value: 0
      objectReference: {fileID: 0}
    - target: {fileID: 4894799469115526, guid: 77200928bb40da847a49bb3cb2b3b019, type: 3}
      propertyPath: m_LocalPosition.y
      value: 0.274047
      objectReference: {fileID: 0}
    - target: {fileID: 4894799469115526, guid: 77200928bb40da847a49bb3cb2b3b019, type: 3}
      propertyPath: m_LocalPosition.z
      value: 0
      objectReference: {fileID: 0}
    - target: {fileID: 4894799469115526, guid: 77200928bb40da847a49bb3cb2b3b019, type: 3}
      propertyPath: m_LocalRotation.w
      value: 0
      objectReference: {fileID: 0}
    - target: {fileID: 4894799469115526, guid: 77200928bb40da847a49bb3cb2b3b019, type: 3}
      propertyPath: m_LocalRotation.x
      value: 1
      objectReference: {fileID: 0}
    - target: {fileID: 4894799469115526, guid: 77200928bb40da847a49bb3cb2b3b019, type: 3}
      propertyPath: m_LocalRotation.y
      value: 0
      objectReference: {fileID: 0}
    - target: {fileID: 4894799469115526, guid: 77200928bb40da847a49bb3cb2b3b019, type: 3}
      propertyPath: m_LocalRotation.z
      value: 0
      objectReference: {fileID: 0}
    m_RemovedComponents: []
  m_SourcePrefab: {fileID: 100100000, guid: 77200928bb40da847a49bb3cb2b3b019, type: 3}
--- !u!4 &1628603583740924329 stripped
Transform:
  m_CorrespondingSourceObject: {fileID: 4894799469115526, guid: 77200928bb40da847a49bb3cb2b3b019, type: 3}
  m_PrefabInstance: {fileID: 1623712179680454959}
  m_PrefabAsset: {fileID: 0}
--- !u!1001 &1623712180008015744
PrefabInstance:
  m_ObjectHideFlags: 0
  serializedVersion: 2
  m_Modification:
    m_TransformParent: {fileID: 1623104365692563199}
    m_Modifications:
    - target: {fileID: 4444407362439414, guid: 5a8a7a5de5aebb24a9934ede045856bc, type: 3}
      propertyPath: m_RootOrder
      value: 7
      objectReference: {fileID: 0}
    - target: {fileID: 4444407362439414, guid: 5a8a7a5de5aebb24a9934ede045856bc, type: 3}
      propertyPath: m_LocalScale.x
      value: 1.0295753
      objectReference: {fileID: 0}
    - target: {fileID: 4444407362439414, guid: 5a8a7a5de5aebb24a9934ede045856bc, type: 3}
      propertyPath: m_LocalScale.y
      value: 0.928973
      objectReference: {fileID: 0}
    - target: {fileID: 4444407362439414, guid: 5a8a7a5de5aebb24a9934ede045856bc, type: 3}
      propertyPath: m_LocalPosition.x
      value: 0.26460084
      objectReference: {fileID: 0}
    - target: {fileID: 4444407362439414, guid: 5a8a7a5de5aebb24a9934ede045856bc, type: 3}
      propertyPath: m_LocalPosition.y
      value: -0.15606746
      objectReference: {fileID: 0}
    - target: {fileID: 4444407362439414, guid: 5a8a7a5de5aebb24a9934ede045856bc, type: 3}
      propertyPath: m_LocalPosition.z
      value: 0
      objectReference: {fileID: 0}
    - target: {fileID: 4444407362439414, guid: 5a8a7a5de5aebb24a9934ede045856bc, type: 3}
      propertyPath: m_LocalRotation.w
      value: 1
      objectReference: {fileID: 0}
    - target: {fileID: 4444407362439414, guid: 5a8a7a5de5aebb24a9934ede045856bc, type: 3}
      propertyPath: m_LocalRotation.x
      value: 0
      objectReference: {fileID: 0}
    - target: {fileID: 4444407362439414, guid: 5a8a7a5de5aebb24a9934ede045856bc, type: 3}
      propertyPath: m_LocalRotation.y
      value: 0
      objectReference: {fileID: 0}
    - target: {fileID: 4444407362439414, guid: 5a8a7a5de5aebb24a9934ede045856bc, type: 3}
      propertyPath: m_LocalRotation.z
      value: 0
      objectReference: {fileID: 0}
    m_RemovedComponents: []
  m_SourcePrefab: {fileID: 100100000, guid: 5a8a7a5de5aebb24a9934ede045856bc, type: 3}
--- !u!4 &1623371424918478710 stripped
Transform:
  m_CorrespondingSourceObject: {fileID: 4444407362439414, guid: 5a8a7a5de5aebb24a9934ede045856bc, type: 3}
  m_PrefabInstance: {fileID: 1623712180008015744}
  m_PrefabAsset: {fileID: 0}
--- !u!1001 &1623712180039144948
PrefabInstance:
  m_ObjectHideFlags: 0
  serializedVersion: 2
  m_Modification:
    m_TransformParent: {fileID: 1623104365692563199}
    m_Modifications:
    - target: {fileID: 4292910838336368, guid: 9ad20ca03227a374fa44c9ae60608b6c, type: 3}
      propertyPath: m_RootOrder
      value: 3
      objectReference: {fileID: 0}
    - target: {fileID: 4292910838336368, guid: 9ad20ca03227a374fa44c9ae60608b6c, type: 3}
      propertyPath: m_LocalScale.x
      value: 0.948252
      objectReference: {fileID: 0}
    - target: {fileID: 4292910838336368, guid: 9ad20ca03227a374fa44c9ae60608b6c, type: 3}
      propertyPath: m_LocalScale.y
      value: 0.9369142
      objectReference: {fileID: 0}
    - target: {fileID: 4292910838336368, guid: 9ad20ca03227a374fa44c9ae60608b6c, type: 3}
      propertyPath: m_LocalScale.z
      value: 0.9100002
      objectReference: {fileID: 0}
    - target: {fileID: 4292910838336368, guid: 9ad20ca03227a374fa44c9ae60608b6c, type: 3}
      propertyPath: m_LocalPosition.x
      value: -0.56523687
      objectReference: {fileID: 0}
    - target: {fileID: 4292910838336368, guid: 9ad20ca03227a374fa44c9ae60608b6c, type: 3}
      propertyPath: m_LocalPosition.y
      value: 0
      objectReference: {fileID: 0}
    - target: {fileID: 4292910838336368, guid: 9ad20ca03227a374fa44c9ae60608b6c, type: 3}
      propertyPath: m_LocalPosition.z
      value: 0
      objectReference: {fileID: 0}
    - target: {fileID: 4292910838336368, guid: 9ad20ca03227a374fa44c9ae60608b6c, type: 3}
      propertyPath: m_LocalRotation.w
      value: 0.70710784
      objectReference: {fileID: 0}
    - target: {fileID: 4292910838336368, guid: 9ad20ca03227a374fa44c9ae60608b6c, type: 3}
      propertyPath: m_LocalRotation.x
      value: 0
      objectReference: {fileID: 0}
    - target: {fileID: 4292910838336368, guid: 9ad20ca03227a374fa44c9ae60608b6c, type: 3}
      propertyPath: m_LocalRotation.y
      value: 0
      objectReference: {fileID: 0}
    - target: {fileID: 4292910838336368, guid: 9ad20ca03227a374fa44c9ae60608b6c, type: 3}
      propertyPath: m_LocalRotation.z
      value: 0.7071057
      objectReference: {fileID: 0}
    m_RemovedComponents: []
  m_SourcePrefab: {fileID: 100100000, guid: 9ad20ca03227a374fa44c9ae60608b6c, type: 3}
--- !u!4 &1623501481030655620 stripped
Transform:
  m_CorrespondingSourceObject: {fileID: 4292910838336368, guid: 9ad20ca03227a374fa44c9ae60608b6c, type: 3}
  m_PrefabInstance: {fileID: 1623712180039144948}
  m_PrefabAsset: {fileID: 0}
