%YAML 1.1
%TAG !u! tag:unity3d.com,2011:
--- !u!1 &2441377812015421883
GameObject:
  m_ObjectHideFlags: 0
  m_CorrespondingSourceObject: {fileID: 0}
  m_PrefabInstance: {fileID: 0}
  m_PrefabAsset: {fileID: 0}
  serializedVersion: 6
  m_Component:
  - component: {fileID: 2441377812015421880}
  m_Layer: 0
  m_Name: Table6t(1)
  m_TagString: Untagged
  m_Icon: {fileID: 0}
  m_NavMeshLayer: 0
  m_StaticEditorFlags: 0
  m_IsActive: 1
--- !u!4 &2441377812015421880
Transform:
  m_ObjectHideFlags: 0
  m_CorrespondingSourceObject: {fileID: 0}
  m_PrefabInstance: {fileID: 0}
  m_PrefabAsset: {fileID: 0}
  m_GameObject: {fileID: 2441377812015421883}
  m_LocalRotation: {x: 0, y: 0, z: 0, w: 1}
  m_LocalPosition: {x: 0, y: 0, z: 0}
  m_LocalScale: {x: 1, y: 1, z: 1}
  m_Children:
  - {fileID: 2445138829119027753}
  - {fileID: 2445138827924133066}
  - {fileID: 2445993634504723452}
  - {fileID: 2445949246479804465}
  - {fileID: 2445112736441251515}
  - {fileID: 2445138827585073808}
  - {fileID: 2445238269000179766}
  - {fileID: 2445138828431024649}
  - {fileID: 2445456476320192079}
  - {fileID: 2445993634744177599}
  - {fileID: 2445477312627696070}
  - {fileID: 8868251875471148021}
  - {fileID: 8868251875984009187}
  - {fileID: 8868536944483962072}
  - {fileID: 8868626752589289614}
  - {fileID: 8868540197822335560}
  - {fileID: 8868641793912494340}
  - {fileID: 8868281703045176100}
  - {fileID: 8868182085281057227}
  m_Father: {fileID: 0}
  m_RootOrder: 0
  m_LocalEulerAnglesHint: {x: 0, y: 0, z: 0}
--- !u!1001 &2441377810413730695
PrefabInstance:
  m_ObjectHideFlags: 0
  serializedVersion: 2
  m_Modification:
    m_TransformParent: {fileID: 2441377812015421880}
    m_Modifications:
    - target: {fileID: 1054062778722078, guid: 9f580672c98045b4ba5ccafca213d402, type: 3}
      propertyPath: m_Name
      value: SM_Prop_FoodPacket_03
      objectReference: {fileID: 0}
    - target: {fileID: 4307041445612860, guid: 9f580672c98045b4ba5ccafca213d402, type: 3}
      propertyPath: m_RootOrder
      value: 4
      objectReference: {fileID: 0}
    - target: {fileID: 4307041445612860, guid: 9f580672c98045b4ba5ccafca213d402, type: 3}
      propertyPath: m_LocalScale.z
      value: 1
      objectReference: {fileID: 0}
    - target: {fileID: 4307041445612860, guid: 9f580672c98045b4ba5ccafca213d402, type: 3}
      propertyPath: m_LocalPosition.x
      value: -0.858
      objectReference: {fileID: 0}
    - target: {fileID: 4307041445612860, guid: 9f580672c98045b4ba5ccafca213d402, type: 3}
      propertyPath: m_LocalPosition.y
      value: 2.1105366
      objectReference: {fileID: 0}
    - target: {fileID: 4307041445612860, guid: 9f580672c98045b4ba5ccafca213d402, type: 3}
      propertyPath: m_LocalPosition.z
      value: -18.185
      objectReference: {fileID: 0}
    - target: {fileID: 4307041445612860, guid: 9f580672c98045b4ba5ccafca213d402, type: 3}
      propertyPath: m_LocalRotation.w
      value: 0.87011486
      objectReference: {fileID: 0}
    - target: {fileID: 4307041445612860, guid: 9f580672c98045b4ba5ccafca213d402, type: 3}
      propertyPath: m_LocalRotation.x
      value: -0
      objectReference: {fileID: 0}
    - target: {fileID: 4307041445612860, guid: 9f580672c98045b4ba5ccafca213d402, type: 3}
      propertyPath: m_LocalRotation.y
      value: 0.492849
      objectReference: {fileID: 0}
    - target: {fileID: 4307041445612860, guid: 9f580672c98045b4ba5ccafca213d402, type: 3}
      propertyPath: m_LocalRotation.z
      value: -0
      objectReference: {fileID: 0}
    - target: {fileID: 4307041445612860, guid: 9f580672c98045b4ba5ccafca213d402, type: 3}
      propertyPath: m_LocalEulerAnglesHint.x
      value: 0
      objectReference: {fileID: 0}
    - target: {fileID: 4307041445612860, guid: 9f580672c98045b4ba5ccafca213d402, type: 3}
      propertyPath: m_LocalEulerAnglesHint.y
      value: 59.056004
      objectReference: {fileID: 0}
    - target: {fileID: 4307041445612860, guid: 9f580672c98045b4ba5ccafca213d402, type: 3}
      propertyPath: m_LocalEulerAnglesHint.z
      value: 0
      objectReference: {fileID: 0}
    m_RemovedComponents: []
  m_SourcePrefab: {fileID: 100100000, guid: 9f580672c98045b4ba5ccafca213d402, type: 3}
--- !u!4 &2445112736441251515 stripped
Transform:
  m_CorrespondingSourceObject: {fileID: 4307041445612860, guid: 9f580672c98045b4ba5ccafca213d402, type: 3}
  m_PrefabInstance: {fileID: 2441377810413730695}
  m_PrefabAsset: {fileID: 0}
--- !u!1001 &2441377810576902210
PrefabInstance:
  m_ObjectHideFlags: 0
  serializedVersion: 2
  m_Modification:
    m_TransformParent: {fileID: 2441377812015421880}
    m_Modifications:
    - target: {fileID: 1841983883788338, guid: 9185866dc0127144abec19b225bf37c0, type: 3}
      propertyPath: m_Name
      value: SM_Prop_Stool_01 (21)
      objectReference: {fileID: 0}
    - target: {fileID: 4333038575803528, guid: 9185866dc0127144abec19b225bf37c0, type: 3}
      propertyPath: m_RootOrder
      value: 1
      objectReference: {fileID: 0}
    - target: {fileID: 4333038575803528, guid: 9185866dc0127144abec19b225bf37c0, type: 3}
      propertyPath: m_LocalScale.x
      value: 1
      objectReference: {fileID: 0}
    - target: {fileID: 4333038575803528, guid: 9185866dc0127144abec19b225bf37c0, type: 3}
      propertyPath: m_LocalScale.y
      value: 1
      objectReference: {fileID: 0}
    - target: {fileID: 4333038575803528, guid: 9185866dc0127144abec19b225bf37c0, type: 3}
      propertyPath: m_LocalScale.z
      value: 1
      objectReference: {fileID: 0}
    - target: {fileID: 4333038575803528, guid: 9185866dc0127144abec19b225bf37c0, type: 3}
      propertyPath: m_LocalPosition.x
      value: -2.518627
      objectReference: {fileID: 0}
    - target: {fileID: 4333038575803528, guid: 9185866dc0127144abec19b225bf37c0, type: 3}
      propertyPath: m_LocalPosition.y
      value: 1.2525368
      objectReference: {fileID: 0}
    - target: {fileID: 4333038575803528, guid: 9185866dc0127144abec19b225bf37c0, type: 3}
      propertyPath: m_LocalPosition.z
      value: -20.460732
      objectReference: {fileID: 0}
    - target: {fileID: 4333038575803528, guid: 9185866dc0127144abec19b225bf37c0, type: 3}
      propertyPath: m_LocalRotation.w
      value: 0.97028697
      objectReference: {fileID: 0}
    - target: {fileID: 4333038575803528, guid: 9185866dc0127144abec19b225bf37c0, type: 3}
      propertyPath: m_LocalRotation.x
      value: -0
      objectReference: {fileID: 0}
    - target: {fileID: 4333038575803528, guid: 9185866dc0127144abec19b225bf37c0, type: 3}
      propertyPath: m_LocalRotation.y
      value: 0.24195728
      objectReference: {fileID: 0}
    - target: {fileID: 4333038575803528, guid: 9185866dc0127144abec19b225bf37c0, type: 3}
      propertyPath: m_LocalRotation.z
      value: -0
      objectReference: {fileID: 0}
    - target: {fileID: 4333038575803528, guid: 9185866dc0127144abec19b225bf37c0, type: 3}
      propertyPath: m_LocalEulerAnglesHint.x
      value: 0
      objectReference: {fileID: 0}
    - target: {fileID: 4333038575803528, guid: 9185866dc0127144abec19b225bf37c0, type: 3}
      propertyPath: m_LocalEulerAnglesHint.y
      value: 28.004002
      objectReference: {fileID: 0}
    - target: {fileID: 4333038575803528, guid: 9185866dc0127144abec19b225bf37c0, type: 3}
      propertyPath: m_LocalEulerAnglesHint.z
      value: 0
      objectReference: {fileID: 0}
    m_RemovedComponents: []
  m_SourcePrefab: {fileID: 100100000, guid: 9185866dc0127144abec19b225bf37c0, type: 3}
--- !u!4 &2445138827924133066 stripped
Transform:
  m_CorrespondingSourceObject: {fileID: 4333038575803528, guid: 9185866dc0127144abec19b225bf37c0, type: 3}
  m_PrefabInstance: {fileID: 2441377810576902210}
  m_PrefabAsset: {fileID: 0}
--- !u!1001 &2441377810783059585
PrefabInstance:
  m_ObjectHideFlags: 0
  serializedVersion: 2
  m_Modification:
    m_TransformParent: {fileID: 2441377812015421880}
    m_Modifications:
    - target: {fileID: 1841983883788338, guid: 9185866dc0127144abec19b225bf37c0, type: 3}
      propertyPath: m_Name
      value: SM_Prop_Stool_01 (13)
      objectReference: {fileID: 0}
    - target: {fileID: 4333038575803528, guid: 9185866dc0127144abec19b225bf37c0, type: 3}
      propertyPath: m_RootOrder
      value: 7
      objectReference: {fileID: 0}
    - target: {fileID: 4333038575803528, guid: 9185866dc0127144abec19b225bf37c0, type: 3}
      propertyPath: m_LocalScale.x
      value: 1
      objectReference: {fileID: 0}
    - target: {fileID: 4333038575803528, guid: 9185866dc0127144abec19b225bf37c0, type: 3}
      propertyPath: m_LocalScale.y
      value: 1
      objectReference: {fileID: 0}
    - target: {fileID: 4333038575803528, guid: 9185866dc0127144abec19b225bf37c0, type: 3}
      propertyPath: m_LocalScale.z
      value: 1
      objectReference: {fileID: 0}
    - target: {fileID: 4333038575803528, guid: 9185866dc0127144abec19b225bf37c0, type: 3}
      propertyPath: m_LocalPosition.x
      value: -0.16262627
      objectReference: {fileID: 0}
    - target: {fileID: 4333038575803528, guid: 9185866dc0127144abec19b225bf37c0, type: 3}
      propertyPath: m_LocalPosition.y
      value: 1.2525368
      objectReference: {fileID: 0}
    - target: {fileID: 4333038575803528, guid: 9185866dc0127144abec19b225bf37c0, type: 3}
      propertyPath: m_LocalPosition.z
      value: -19.460732
      objectReference: {fileID: 0}
    - target: {fileID: 4333038575803528, guid: 9185866dc0127144abec19b225bf37c0, type: 3}
      propertyPath: m_LocalRotation.w
      value: 0.97028697
      objectReference: {fileID: 0}
    - target: {fileID: 4333038575803528, guid: 9185866dc0127144abec19b225bf37c0, type: 3}
      propertyPath: m_LocalRotation.x
      value: -0
      objectReference: {fileID: 0}
    - target: {fileID: 4333038575803528, guid: 9185866dc0127144abec19b225bf37c0, type: 3}
      propertyPath: m_LocalRotation.y
      value: 0.24195728
      objectReference: {fileID: 0}
    - target: {fileID: 4333038575803528, guid: 9185866dc0127144abec19b225bf37c0, type: 3}
      propertyPath: m_LocalRotation.z
      value: -0
      objectReference: {fileID: 0}
    - target: {fileID: 4333038575803528, guid: 9185866dc0127144abec19b225bf37c0, type: 3}
      propertyPath: m_LocalEulerAnglesHint.x
      value: 0
      objectReference: {fileID: 0}
    - target: {fileID: 4333038575803528, guid: 9185866dc0127144abec19b225bf37c0, type: 3}
      propertyPath: m_LocalEulerAnglesHint.y
      value: 28.004002
      objectReference: {fileID: 0}
    - target: {fileID: 4333038575803528, guid: 9185866dc0127144abec19b225bf37c0, type: 3}
      propertyPath: m_LocalEulerAnglesHint.z
      value: 0
      objectReference: {fileID: 0}
    m_RemovedComponents: []
  m_SourcePrefab: {fileID: 100100000, guid: 9185866dc0127144abec19b225bf37c0, type: 3}
--- !u!4 &2445138828431024649 stripped
Transform:
  m_CorrespondingSourceObject: {fileID: 4333038575803528, guid: 9185866dc0127144abec19b225bf37c0, type: 3}
  m_PrefabInstance: {fileID: 2441377810783059585}
  m_PrefabAsset: {fileID: 0}
--- !u!1001 &2441377811041283608
PrefabInstance:
  m_ObjectHideFlags: 0
  serializedVersion: 2
  m_Modification:
    m_TransformParent: {fileID: 2441377812015421880}
    m_Modifications:
    - target: {fileID: 1841983883788338, guid: 9185866dc0127144abec19b225bf37c0, type: 3}
      propertyPath: m_Name
      value: SM_Prop_Stool_01 (22)
      objectReference: {fileID: 0}
    - target: {fileID: 4333038575803528, guid: 9185866dc0127144abec19b225bf37c0, type: 3}
      propertyPath: m_RootOrder
      value: 5
      objectReference: {fileID: 0}
    - target: {fileID: 4333038575803528, guid: 9185866dc0127144abec19b225bf37c0, type: 3}
      propertyPath: m_LocalScale.x
      value: 1
      objectReference: {fileID: 0}
    - target: {fileID: 4333038575803528, guid: 9185866dc0127144abec19b225bf37c0, type: 3}
      propertyPath: m_LocalScale.y
      value: 1
      objectReference: {fileID: 0}
    - target: {fileID: 4333038575803528, guid: 9185866dc0127144abec19b225bf37c0, type: 3}
      propertyPath: m_LocalScale.z
      value: 1
      objectReference: {fileID: 0}
    - target: {fileID: 4333038575803528, guid: 9185866dc0127144abec19b225bf37c0, type: 3}
      propertyPath: m_LocalPosition.x
      value: -2.5086267
      objectReference: {fileID: 0}
    - target: {fileID: 4333038575803528, guid: 9185866dc0127144abec19b225bf37c0, type: 3}
      propertyPath: m_LocalPosition.y
      value: 1.2525368
      objectReference: {fileID: 0}
    - target: {fileID: 4333038575803528, guid: 9185866dc0127144abec19b225bf37c0, type: 3}
      propertyPath: m_LocalPosition.z
      value: -19.460732
      objectReference: {fileID: 0}
    - target: {fileID: 4333038575803528, guid: 9185866dc0127144abec19b225bf37c0, type: 3}
      propertyPath: m_LocalRotation.w
      value: 0.9986766
      objectReference: {fileID: 0}
    - target: {fileID: 4333038575803528, guid: 9185866dc0127144abec19b225bf37c0, type: 3}
      propertyPath: m_LocalRotation.x
      value: -0
      objectReference: {fileID: 0}
    - target: {fileID: 4333038575803528, guid: 9185866dc0127144abec19b225bf37c0, type: 3}
      propertyPath: m_LocalRotation.y
      value: -0.0514305
      objectReference: {fileID: 0}
    - target: {fileID: 4333038575803528, guid: 9185866dc0127144abec19b225bf37c0, type: 3}
      propertyPath: m_LocalRotation.z
      value: -0
      objectReference: {fileID: 0}
    - target: {fileID: 4333038575803528, guid: 9185866dc0127144abec19b225bf37c0, type: 3}
      propertyPath: m_LocalEulerAnglesHint.x
      value: 0
      objectReference: {fileID: 0}
    - target: {fileID: 4333038575803528, guid: 9185866dc0127144abec19b225bf37c0, type: 3}
      propertyPath: m_LocalEulerAnglesHint.y
      value: -5.8960004
      objectReference: {fileID: 0}
    - target: {fileID: 4333038575803528, guid: 9185866dc0127144abec19b225bf37c0, type: 3}
      propertyPath: m_LocalEulerAnglesHint.z
      value: 0
      objectReference: {fileID: 0}
    m_RemovedComponents: []
  m_SourcePrefab: {fileID: 100100000, guid: 9185866dc0127144abec19b225bf37c0, type: 3}
--- !u!4 &2445138827585073808 stripped
Transform:
  m_CorrespondingSourceObject: {fileID: 4333038575803528, guid: 9185866dc0127144abec19b225bf37c0, type: 3}
  m_PrefabInstance: {fileID: 2441377811041283608}
  m_PrefabAsset: {fileID: 0}
--- !u!1001 &2441377811183259132
PrefabInstance:
  m_ObjectHideFlags: 0
  serializedVersion: 2
  m_Modification:
    m_TransformParent: {fileID: 2441377812015421880}
    m_Modifications:
    - target: {fileID: 1420117981881934, guid: 5c70f756d815e8b44805bfbaff4a8213, type: 3}
      propertyPath: m_Name
      value: SM_Prop_FoodTray_03 (2)
      objectReference: {fileID: 0}
    - target: {fileID: 4151133688507850, guid: 5c70f756d815e8b44805bfbaff4a8213, type: 3}
      propertyPath: m_RootOrder
      value: 6
      objectReference: {fileID: 0}
    - target: {fileID: 4151133688507850, guid: 5c70f756d815e8b44805bfbaff4a8213, type: 3}
      propertyPath: m_LocalScale.x
      value: 1
      objectReference: {fileID: 0}
    - target: {fileID: 4151133688507850, guid: 5c70f756d815e8b44805bfbaff4a8213, type: 3}
      propertyPath: m_LocalScale.z
      value: 1
      objectReference: {fileID: 0}
    - target: {fileID: 4151133688507850, guid: 5c70f756d815e8b44805bfbaff4a8213, type: 3}
      propertyPath: m_LocalPosition.x
      value: -0.88529944
      objectReference: {fileID: 0}
    - target: {fileID: 4151133688507850, guid: 5c70f756d815e8b44805bfbaff4a8213, type: 3}
      propertyPath: m_LocalPosition.y
      value: 2.1005368
      objectReference: {fileID: 0}
    - target: {fileID: 4151133688507850, guid: 5c70f756d815e8b44805bfbaff4a8213, type: 3}
      propertyPath: m_LocalPosition.z
      value: -18.2407
      objectReference: {fileID: 0}
    - target: {fileID: 4151133688507850, guid: 5c70f756d815e8b44805bfbaff4a8213, type: 3}
      propertyPath: m_LocalRotation.w
      value: -0.7855344
      objectReference: {fileID: 0}
    - target: {fileID: 4151133688507850, guid: 5c70f756d815e8b44805bfbaff4a8213, type: 3}
      propertyPath: m_LocalRotation.x
      value: -0
      objectReference: {fileID: 0}
    - target: {fileID: 4151133688507850, guid: 5c70f756d815e8b44805bfbaff4a8213, type: 3}
      propertyPath: m_LocalRotation.y
      value: 0.6188181
      objectReference: {fileID: 0}
    - target: {fileID: 4151133688507850, guid: 5c70f756d815e8b44805bfbaff4a8213, type: 3}
      propertyPath: m_LocalRotation.z
      value: -0
      objectReference: {fileID: 0}
    - target: {fileID: 4151133688507850, guid: 5c70f756d815e8b44805bfbaff4a8213, type: 3}
      propertyPath: m_LocalEulerAnglesHint.x
      value: 0
      objectReference: {fileID: 0}
    - target: {fileID: 4151133688507850, guid: 5c70f756d815e8b44805bfbaff4a8213, type: 3}
      propertyPath: m_LocalEulerAnglesHint.y
      value: 283.53998
      objectReference: {fileID: 0}
    - target: {fileID: 4151133688507850, guid: 5c70f756d815e8b44805bfbaff4a8213, type: 3}
      propertyPath: m_LocalEulerAnglesHint.z
      value: 0
      objectReference: {fileID: 0}
    m_RemovedComponents: []
  m_SourcePrefab: {fileID: 100100000, guid: 5c70f756d815e8b44805bfbaff4a8213, type: 3}
--- !u!4 &2445238269000179766 stripped
Transform:
  m_CorrespondingSourceObject: {fileID: 4151133688507850, guid: 5c70f756d815e8b44805bfbaff4a8213, type: 3}
  m_PrefabInstance: {fileID: 2441377811183259132}
  m_PrefabAsset: {fileID: 0}
--- !u!1001 &2441377811462041873
PrefabInstance:
  m_ObjectHideFlags: 0
  serializedVersion: 2
  m_Modification:
    m_TransformParent: {fileID: 2441377812015421880}
    m_Modifications:
    - target: {fileID: 1273525844116046, guid: bafed697fa0e8964d86d0bc0f22ccf16, type: 3}
      propertyPath: m_Name
      value: SM_Prop_FoodPacket_04
      objectReference: {fileID: 0}
    - target: {fileID: 4931972518995806, guid: bafed697fa0e8964d86d0bc0f22ccf16, type: 3}
      propertyPath: m_RootOrder
      value: 8
      objectReference: {fileID: 0}
    - target: {fileID: 4931972518995806, guid: bafed697fa0e8964d86d0bc0f22ccf16, type: 3}
      propertyPath: m_LocalScale.y
      value: 1
      objectReference: {fileID: 0}
    - target: {fileID: 4931972518995806, guid: bafed697fa0e8964d86d0bc0f22ccf16, type: 3}
      propertyPath: m_LocalPosition.x
      value: -2.044406
      objectReference: {fileID: 0}
    - target: {fileID: 4931972518995806, guid: bafed697fa0e8964d86d0bc0f22ccf16, type: 3}
      propertyPath: m_LocalPosition.y
      value: 2.1005368
      objectReference: {fileID: 0}
    - target: {fileID: 4931972518995806, guid: bafed697fa0e8964d86d0bc0f22ccf16, type: 3}
      propertyPath: m_LocalPosition.z
      value: -18.2206
      objectReference: {fileID: 0}
    - target: {fileID: 4931972518995806, guid: bafed697fa0e8964d86d0bc0f22ccf16, type: 3}
      propertyPath: m_LocalRotation.w
      value: 0.99222165
      objectReference: {fileID: 0}
    - target: {fileID: 4931972518995806, guid: bafed697fa0e8964d86d0bc0f22ccf16, type: 3}
      propertyPath: m_LocalRotation.x
      value: 0.0019706257
      objectReference: {fileID: 0}
    - target: {fileID: 4931972518995806, guid: bafed697fa0e8964d86d0bc0f22ccf16, type: 3}
      propertyPath: m_LocalRotation.y
      value: -0.12345821
      objectReference: {fileID: 0}
    - target: {fileID: 4931972518995806, guid: bafed697fa0e8964d86d0bc0f22ccf16, type: 3}
      propertyPath: m_LocalRotation.z
      value: -0.015828684
      objectReference: {fileID: 0}
    - target: {fileID: 4931972518995806, guid: bafed697fa0e8964d86d0bc0f22ccf16, type: 3}
      propertyPath: m_LocalEulerAnglesHint.x
      value: 0
      objectReference: {fileID: 0}
    - target: {fileID: 4931972518995806, guid: bafed697fa0e8964d86d0bc0f22ccf16, type: 3}
      propertyPath: m_LocalEulerAnglesHint.y
      value: -14.185
      objectReference: {fileID: 0}
    - target: {fileID: 4931972518995806, guid: bafed697fa0e8964d86d0bc0f22ccf16, type: 3}
      propertyPath: m_LocalEulerAnglesHint.z
      value: -1.828
      objectReference: {fileID: 0}
    m_RemovedComponents: []
  m_SourcePrefab: {fileID: 100100000, guid: bafed697fa0e8964d86d0bc0f22ccf16, type: 3}
--- !u!4 &2445456476320192079 stripped
Transform:
  m_CorrespondingSourceObject: {fileID: 4931972518995806, guid: bafed697fa0e8964d86d0bc0f22ccf16, type: 3}
  m_PrefabInstance: {fileID: 2441377811462041873}
  m_PrefabAsset: {fileID: 0}
--- !u!1001 &2441377811504342689
PrefabInstance:
  m_ObjectHideFlags: 0
  serializedVersion: 2
  m_Modification:
    m_TransformParent: {fileID: 2441377812015421880}
    m_Modifications:
    - target: {fileID: 1841983883788338, guid: 9185866dc0127144abec19b225bf37c0, type: 3}
      propertyPath: m_Name
      value: SM_Prop_Stool_01 (14)
      objectReference: {fileID: 0}
    - target: {fileID: 4333038575803528, guid: 9185866dc0127144abec19b225bf37c0, type: 3}
      propertyPath: m_RootOrder
      value: 0
      objectReference: {fileID: 0}
    - target: {fileID: 4333038575803528, guid: 9185866dc0127144abec19b225bf37c0, type: 3}
      propertyPath: m_LocalScale.x
      value: 1
      objectReference: {fileID: 0}
    - target: {fileID: 4333038575803528, guid: 9185866dc0127144abec19b225bf37c0, type: 3}
      propertyPath: m_LocalScale.y
      value: 1
      objectReference: {fileID: 0}
    - target: {fileID: 4333038575803528, guid: 9185866dc0127144abec19b225bf37c0, type: 3}
      propertyPath: m_LocalScale.z
      value: 1
      objectReference: {fileID: 0}
    - target: {fileID: 4333038575803528, guid: 9185866dc0127144abec19b225bf37c0, type: 3}
      propertyPath: m_LocalPosition.x
      value: -0.17862701
      objectReference: {fileID: 0}
    - target: {fileID: 4333038575803528, guid: 9185866dc0127144abec19b225bf37c0, type: 3}
      propertyPath: m_LocalPosition.y
      value: 1.2525368
      objectReference: {fileID: 0}
    - target: {fileID: 4333038575803528, guid: 9185866dc0127144abec19b225bf37c0, type: 3}
      propertyPath: m_LocalPosition.z
      value: -20.460732
      objectReference: {fileID: 0}
    - target: {fileID: 4333038575803528, guid: 9185866dc0127144abec19b225bf37c0, type: 3}
      propertyPath: m_LocalRotation.w
      value: 0.94102997
      objectReference: {fileID: 0}
    - target: {fileID: 4333038575803528, guid: 9185866dc0127144abec19b225bf37c0, type: 3}
      propertyPath: m_LocalRotation.x
      value: -0
      objectReference: {fileID: 0}
    - target: {fileID: 4333038575803528, guid: 9185866dc0127144abec19b225bf37c0, type: 3}
      propertyPath: m_LocalRotation.y
      value: 0.33832335
      objectReference: {fileID: 0}
    - target: {fileID: 4333038575803528, guid: 9185866dc0127144abec19b225bf37c0, type: 3}
      propertyPath: m_LocalRotation.z
      value: -0
      objectReference: {fileID: 0}
    - target: {fileID: 4333038575803528, guid: 9185866dc0127144abec19b225bf37c0, type: 3}
      propertyPath: m_LocalEulerAnglesHint.x
      value: 0
      objectReference: {fileID: 0}
    - target: {fileID: 4333038575803528, guid: 9185866dc0127144abec19b225bf37c0, type: 3}
      propertyPath: m_LocalEulerAnglesHint.y
      value: 39.550003
      objectReference: {fileID: 0}
    - target: {fileID: 4333038575803528, guid: 9185866dc0127144abec19b225bf37c0, type: 3}
      propertyPath: m_LocalEulerAnglesHint.z
      value: 0
      objectReference: {fileID: 0}
    m_RemovedComponents: []
  m_SourcePrefab: {fileID: 100100000, guid: 9185866dc0127144abec19b225bf37c0, type: 3}
--- !u!4 &2445138829119027753 stripped
Transform:
  m_CorrespondingSourceObject: {fileID: 4333038575803528, guid: 9185866dc0127144abec19b225bf37c0, type: 3}
  m_PrefabInstance: {fileID: 2441377811504342689}
  m_PrefabAsset: {fileID: 0}
--- !u!1001 &2441377811627111537
PrefabInstance:
  m_ObjectHideFlags: 0
  serializedVersion: 2
  m_Modification:
    m_TransformParent: {fileID: 2441377812015421880}
    m_Modifications:
    - target: {fileID: 1986105118506860, guid: 5dc62f3f20909a14abbe9319c9bc9051, type: 3}
      propertyPath: m_Name
      value: SM_Prop_FoodTray_01 (3)
      objectReference: {fileID: 0}
    - target: {fileID: 4625022937655246, guid: 5dc62f3f20909a14abbe9319c9bc9051, type: 3}
      propertyPath: m_RootOrder
      value: 9
      objectReference: {fileID: 0}
    - target: {fileID: 4625022937655246, guid: 5dc62f3f20909a14abbe9319c9bc9051, type: 3}
      propertyPath: m_LocalScale.x
      value: 1
      objectReference: {fileID: 0}
    - target: {fileID: 4625022937655246, guid: 5dc62f3f20909a14abbe9319c9bc9051, type: 3}
      propertyPath: m_LocalScale.z
      value: 1
      objectReference: {fileID: 0}
    - target: {fileID: 4625022937655246, guid: 5dc62f3f20909a14abbe9319c9bc9051, type: 3}
      propertyPath: m_LocalPosition.x
      value: -1.8257322
      objectReference: {fileID: 0}
    - target: {fileID: 4625022937655246, guid: 5dc62f3f20909a14abbe9319c9bc9051, type: 3}
      propertyPath: m_LocalPosition.y
      value: 2.1005368
      objectReference: {fileID: 0}
    - target: {fileID: 4625022937655246, guid: 5dc62f3f20909a14abbe9319c9bc9051, type: 3}
      propertyPath: m_LocalPosition.z
      value: -20.546844
      objectReference: {fileID: 0}
    - target: {fileID: 4625022937655246, guid: 5dc62f3f20909a14abbe9319c9bc9051, type: 3}
      propertyPath: m_LocalRotation.w
      value: -0.88144135
      objectReference: {fileID: 0}
    - target: {fileID: 4625022937655246, guid: 5dc62f3f20909a14abbe9319c9bc9051, type: 3}
      propertyPath: m_LocalRotation.x
      value: -0
      objectReference: {fileID: 0}
    - target: {fileID: 4625022937655246, guid: 5dc62f3f20909a14abbe9319c9bc9051, type: 3}
      propertyPath: m_LocalRotation.y
      value: -0.4722935
      objectReference: {fileID: 0}
    - target: {fileID: 4625022937655246, guid: 5dc62f3f20909a14abbe9319c9bc9051, type: 3}
      propertyPath: m_LocalRotation.z
      value: -0
      objectReference: {fileID: 0}
    - target: {fileID: 4625022937655246, guid: 5dc62f3f20909a14abbe9319c9bc9051, type: 3}
      propertyPath: m_LocalEulerAnglesHint.x
      value: 0
      objectReference: {fileID: 0}
    - target: {fileID: 4625022937655246, guid: 5dc62f3f20909a14abbe9319c9bc9051, type: 3}
      propertyPath: m_LocalEulerAnglesHint.y
      value: 416.367
      objectReference: {fileID: 0}
    - target: {fileID: 4625022937655246, guid: 5dc62f3f20909a14abbe9319c9bc9051, type: 3}
      propertyPath: m_LocalEulerAnglesHint.z
      value: 0
      objectReference: {fileID: 0}
    m_RemovedComponents: []
  m_SourcePrefab: {fileID: 100100000, guid: 5dc62f3f20909a14abbe9319c9bc9051, type: 3}
--- !u!4 &2445993634744177599 stripped
Transform:
  m_CorrespondingSourceObject: {fileID: 4625022937655246, guid: 5dc62f3f20909a14abbe9319c9bc9051, type: 3}
  m_PrefabInstance: {fileID: 2441377811627111537}
  m_PrefabAsset: {fileID: 0}
--- !u!1001 &2441377811725018355
PrefabInstance:
  m_ObjectHideFlags: 0
  serializedVersion: 2
  m_Modification:
    m_TransformParent: {fileID: 2441377812015421880}
    m_Modifications:
    - target: {fileID: 1012841150076058, guid: e68836e542ef296488e17adf19becd6b, type: 3}
      propertyPath: m_Name
      value: SM_Prop_SquareTable_01 (2)
      objectReference: {fileID: 0}
    - target: {fileID: 4580351388404930, guid: e68836e542ef296488e17adf19becd6b, type: 3}
      propertyPath: m_RootOrder
      value: 3
      objectReference: {fileID: 0}
    - target: {fileID: 4580351388404930, guid: e68836e542ef296488e17adf19becd6b, type: 3}
      propertyPath: m_LocalScale.x
      value: 1
      objectReference: {fileID: 0}
    - target: {fileID: 4580351388404930, guid: e68836e542ef296488e17adf19becd6b, type: 3}
      propertyPath: m_LocalScale.y
      value: 1
      objectReference: {fileID: 0}
    - target: {fileID: 4580351388404930, guid: e68836e542ef296488e17adf19becd6b, type: 3}
      propertyPath: m_LocalScale.z
      value: 2
      objectReference: {fileID: 0}
    - target: {fileID: 4580351388404930, guid: e68836e542ef296488e17adf19becd6b, type: 3}
      propertyPath: m_LocalPosition.x
      value: -1.3706262
      objectReference: {fileID: 0}
    - target: {fileID: 4580351388404930, guid: e68836e542ef296488e17adf19becd6b, type: 3}
      propertyPath: m_LocalPosition.y
      value: 1.2525368
      objectReference: {fileID: 0}
    - target: {fileID: 4580351388404930, guid: e68836e542ef296488e17adf19becd6b, type: 3}
      propertyPath: m_LocalPosition.z
      value: -19.460732
      objectReference: {fileID: 0}
    - target: {fileID: 4580351388404930, guid: e68836e542ef296488e17adf19becd6b, type: 3}
      propertyPath: m_LocalRotation.w
      value: 1
      objectReference: {fileID: 0}
    - target: {fileID: 4580351388404930, guid: e68836e542ef296488e17adf19becd6b, type: 3}
      propertyPath: m_LocalRotation.x
      value: -0
      objectReference: {fileID: 0}
    - target: {fileID: 4580351388404930, guid: e68836e542ef296488e17adf19becd6b, type: 3}
      propertyPath: m_LocalRotation.y
      value: -0
      objectReference: {fileID: 0}
    - target: {fileID: 4580351388404930, guid: e68836e542ef296488e17adf19becd6b, type: 3}
      propertyPath: m_LocalRotation.z
      value: -0
      objectReference: {fileID: 0}
    - target: {fileID: 4580351388404930, guid: e68836e542ef296488e17adf19becd6b, type: 3}
      propertyPath: m_LocalEulerAnglesHint.x
      value: 0
      objectReference: {fileID: 0}
    - target: {fileID: 4580351388404930, guid: e68836e542ef296488e17adf19becd6b, type: 3}
      propertyPath: m_LocalEulerAnglesHint.y
      value: 0
      objectReference: {fileID: 0}
    - target: {fileID: 4580351388404930, guid: e68836e542ef296488e17adf19becd6b, type: 3}
      propertyPath: m_LocalEulerAnglesHint.z
      value: 0
      objectReference: {fileID: 0}
    m_RemovedComponents: []
  m_SourcePrefab: {fileID: 100100000, guid: e68836e542ef296488e17adf19becd6b, type: 3}
--- !u!4 &2445949246479804465 stripped
Transform:
  m_CorrespondingSourceObject: {fileID: 4580351388404930, guid: e68836e542ef296488e17adf19becd6b, type: 3}
  m_PrefabInstance: {fileID: 2441377811725018355}
  m_PrefabAsset: {fileID: 0}
--- !u!1001 &2441377811932621874
PrefabInstance:
  m_ObjectHideFlags: 0
  serializedVersion: 2
  m_Modification:
    m_TransformParent: {fileID: 2441377812015421880}
    m_Modifications:
    - target: {fileID: 1986105118506860, guid: 5dc62f3f20909a14abbe9319c9bc9051, type: 3}
      propertyPath: m_Name
      value: SM_Prop_FoodTray_01 (4)
      objectReference: {fileID: 0}
    - target: {fileID: 4625022937655246, guid: 5dc62f3f20909a14abbe9319c9bc9051, type: 3}
      propertyPath: m_RootOrder
      value: 2
      objectReference: {fileID: 0}
    - target: {fileID: 4625022937655246, guid: 5dc62f3f20909a14abbe9319c9bc9051, type: 3}
      propertyPath: m_LocalPosition.x
      value: -2.0490007
      objectReference: {fileID: 0}
    - target: {fileID: 4625022937655246, guid: 5dc62f3f20909a14abbe9319c9bc9051, type: 3}
      propertyPath: m_LocalPosition.y
      value: 2.1015368
      objectReference: {fileID: 0}
    - target: {fileID: 4625022937655246, guid: 5dc62f3f20909a14abbe9319c9bc9051, type: 3}
      propertyPath: m_LocalPosition.z
      value: -18.319
      objectReference: {fileID: 0}
    - target: {fileID: 4625022937655246, guid: 5dc62f3f20909a14abbe9319c9bc9051, type: 3}
      propertyPath: m_LocalRotation.w
      value: -0.6140975
      objectReference: {fileID: 0}
    - target: {fileID: 4625022937655246, guid: 5dc62f3f20909a14abbe9319c9bc9051, type: 3}
      propertyPath: m_LocalRotation.x
      value: -0
      objectReference: {fileID: 0}
    - target: {fileID: 4625022937655246, guid: 5dc62f3f20909a14abbe9319c9bc9051, type: 3}
      propertyPath: m_LocalRotation.y
      value: 0.7892302
      objectReference: {fileID: 0}
    - target: {fileID: 4625022937655246, guid: 5dc62f3f20909a14abbe9319c9bc9051, type: 3}
      propertyPath: m_LocalRotation.z
      value: -0
      objectReference: {fileID: 0}
    - target: {fileID: 4625022937655246, guid: 5dc62f3f20909a14abbe9319c9bc9051, type: 3}
      propertyPath: m_LocalEulerAnglesHint.x
      value: 0
      objectReference: {fileID: 0}
    - target: {fileID: 4625022937655246, guid: 5dc62f3f20909a14abbe9319c9bc9051, type: 3}
      propertyPath: m_LocalEulerAnglesHint.y
      value: 255.77301
      objectReference: {fileID: 0}
    - target: {fileID: 4625022937655246, guid: 5dc62f3f20909a14abbe9319c9bc9051, type: 3}
      propertyPath: m_LocalEulerAnglesHint.z
      value: 0
      objectReference: {fileID: 0}
    m_RemovedComponents: []
  m_SourcePrefab: {fileID: 100100000, guid: 5dc62f3f20909a14abbe9319c9bc9051, type: 3}
--- !u!4 &2445993634504723452 stripped
Transform:
  m_CorrespondingSourceObject: {fileID: 4625022937655246, guid: 5dc62f3f20909a14abbe9319c9bc9051, type: 3}
  m_PrefabInstance: {fileID: 2441377811932621874}
  m_PrefabAsset: {fileID: 0}
--- !u!1001 &2441377812040199668
PrefabInstance:
  m_ObjectHideFlags: 0
  serializedVersion: 2
  m_Modification:
    m_TransformParent: {fileID: 2441377812015421880}
    m_Modifications:
    - target: {fileID: 1599619993422580, guid: 4b67e38e406bca642bb53f573a10631f, type: 3}
      propertyPath: m_Name
      value: SM_Prop_FoodPacket_01 (1)
      objectReference: {fileID: 0}
    - target: {fileID: 4943987796233266, guid: 4b67e38e406bca642bb53f573a10631f, type: 3}
      propertyPath: m_RootOrder
      value: 10
      objectReference: {fileID: 0}
    - target: {fileID: 4943987796233266, guid: 4b67e38e406bca642bb53f573a10631f, type: 3}
      propertyPath: m_LocalScale.z
      value: 1
      objectReference: {fileID: 0}
    - target: {fileID: 4943987796233266, guid: 4b67e38e406bca642bb53f573a10631f, type: 3}
      propertyPath: m_LocalPosition.x
      value: -1.7719965
      objectReference: {fileID: 0}
    - target: {fileID: 4943987796233266, guid: 4b67e38e406bca642bb53f573a10631f, type: 3}
      propertyPath: m_LocalPosition.y
      value: 2.1038368
      objectReference: {fileID: 0}
    - target: {fileID: 4943987796233266, guid: 4b67e38e406bca642bb53f573a10631f, type: 3}
      propertyPath: m_LocalPosition.z
      value: -20.627941
      objectReference: {fileID: 0}
    - target: {fileID: 4943987796233266, guid: 4b67e38e406bca642bb53f573a10631f, type: 3}
      propertyPath: m_LocalRotation.w
      value: 0.96033317
      objectReference: {fileID: 0}
    - target: {fileID: 4943987796233266, guid: 4b67e38e406bca642bb53f573a10631f, type: 3}
      propertyPath: m_LocalRotation.x
      value: -0
      objectReference: {fileID: 0}
    - target: {fileID: 4943987796233266, guid: 4b67e38e406bca642bb53f573a10631f, type: 3}
      propertyPath: m_LocalRotation.y
      value: -0.27885532
      objectReference: {fileID: 0}
    - target: {fileID: 4943987796233266, guid: 4b67e38e406bca642bb53f573a10631f, type: 3}
      propertyPath: m_LocalRotation.z
      value: -0
      objectReference: {fileID: 0}
    - target: {fileID: 4943987796233266, guid: 4b67e38e406bca642bb53f573a10631f, type: 3}
      propertyPath: m_LocalEulerAnglesHint.x
      value: 0
      objectReference: {fileID: 0}
    - target: {fileID: 4943987796233266, guid: 4b67e38e406bca642bb53f573a10631f, type: 3}
      propertyPath: m_LocalEulerAnglesHint.y
      value: -32.384
      objectReference: {fileID: 0}
    - target: {fileID: 4943987796233266, guid: 4b67e38e406bca642bb53f573a10631f, type: 3}
      propertyPath: m_LocalEulerAnglesHint.z
      value: 0
      objectReference: {fileID: 0}
    m_RemovedComponents: []
  m_SourcePrefab: {fileID: 100100000, guid: 4b67e38e406bca642bb53f573a10631f, type: 3}
--- !u!4 &2445477312627696070 stripped
Transform:
  m_CorrespondingSourceObject: {fileID: 4943987796233266, guid: 4b67e38e406bca642bb53f573a10631f, type: 3}
  m_PrefabInstance: {fileID: 2441377812040199668}
  m_PrefabAsset: {fileID: 0}
--- !u!1001 &8871309478945243384
PrefabInstance:
  m_ObjectHideFlags: 0
  serializedVersion: 2
  m_Modification:
    m_TransformParent: {fileID: 2441377812015421880}
    m_Modifications:
    - target: {fileID: 1270163616556154, guid: f6a0690a1a2cf5c4991db22c1eb6a071, type: 3}
      propertyPath: m_Name
      value: SM_Prop_FoodTray_02
      objectReference: {fileID: 0}
    - target: {fileID: 4092327124146294, guid: f6a0690a1a2cf5c4991db22c1eb6a071, type: 3}
      propertyPath: m_RootOrder
      value: 14
      objectReference: {fileID: 0}
    - target: {fileID: 4092327124146294, guid: f6a0690a1a2cf5c4991db22c1eb6a071, type: 3}
      propertyPath: m_LocalPosition.x
      value: -0.80896187
      objectReference: {fileID: 0}
    - target: {fileID: 4092327124146294, guid: f6a0690a1a2cf5c4991db22c1eb6a071, type: 3}
      propertyPath: m_LocalPosition.y
      value: 2.100537
      objectReference: {fileID: 0}
    - target: {fileID: 4092327124146294, guid: f6a0690a1a2cf5c4991db22c1eb6a071, type: 3}
      propertyPath: m_LocalPosition.z
      value: -19.963737
      objectReference: {fileID: 0}
    - target: {fileID: 4092327124146294, guid: f6a0690a1a2cf5c4991db22c1eb6a071, type: 3}
      propertyPath: m_LocalRotation.w
      value: 0.7423481
      objectReference: {fileID: 0}
    - target: {fileID: 4092327124146294, guid: f6a0690a1a2cf5c4991db22c1eb6a071, type: 3}
      propertyPath: m_LocalRotation.x
      value: -0
      objectReference: {fileID: 0}
    - target: {fileID: 4092327124146294, guid: f6a0690a1a2cf5c4991db22c1eb6a071, type: 3}
      propertyPath: m_LocalRotation.y
      value: -0.67001456
      objectReference: {fileID: 0}
    - target: {fileID: 4092327124146294, guid: f6a0690a1a2cf5c4991db22c1eb6a071, type: 3}
      propertyPath: m_LocalRotation.z
      value: -0
      objectReference: {fileID: 0}
    - target: {fileID: 4092327124146294, guid: f6a0690a1a2cf5c4991db22c1eb6a071, type: 3}
      propertyPath: m_LocalEulerAnglesHint.x
      value: 0
      objectReference: {fileID: 0}
    - target: {fileID: 4092327124146294, guid: f6a0690a1a2cf5c4991db22c1eb6a071, type: 3}
      propertyPath: m_LocalEulerAnglesHint.y
      value: -84.136
      objectReference: {fileID: 0}
    - target: {fileID: 4092327124146294, guid: f6a0690a1a2cf5c4991db22c1eb6a071, type: 3}
      propertyPath: m_LocalEulerAnglesHint.z
      value: 0
      objectReference: {fileID: 0}
    m_RemovedComponents: []
  m_SourcePrefab: {fileID: 100100000, guid: f6a0690a1a2cf5c4991db22c1eb6a071, type: 3}
--- !u!4 &8868626752589289614 stripped
Transform:
  m_CorrespondingSourceObject: {fileID: 4092327124146294, guid: f6a0690a1a2cf5c4991db22c1eb6a071, type: 3}
  m_PrefabInstance: {fileID: 8871309478945243384}
  m_PrefabAsset: {fileID: 0}
--- !u!1001 &8871309479157356674
PrefabInstance:
  m_ObjectHideFlags: 0
  serializedVersion: 2
  m_Modification:
    m_TransformParent: {fileID: 2441377812015421880}
    m_Modifications:
    - target: {fileID: 1285591599653932, guid: 0b66d08184993724dac7416b11f92674, type: 3}
      propertyPath: m_Name
      value: SM_Prop_FoodPacket_02
      objectReference: {fileID: 0}
    - target: {fileID: 4054608458536026, guid: 0b66d08184993724dac7416b11f92674, type: 3}
      propertyPath: m_RootOrder
      value: 13
      objectReference: {fileID: 0}
    - target: {fileID: 4054608458536026, guid: 0b66d08184993724dac7416b11f92674, type: 3}
      propertyPath: m_LocalPosition.x
      value: -0.8337393
      objectReference: {fileID: 0}
    - target: {fileID: 4054608458536026, guid: 0b66d08184993724dac7416b11f92674, type: 3}
      propertyPath: m_LocalPosition.y
      value: 2.103837
      objectReference: {fileID: 0}
    - target: {fileID: 4054608458536026, guid: 0b66d08184993724dac7416b11f92674, type: 3}
      propertyPath: m_LocalPosition.z
      value: -19.871296
      objectReference: {fileID: 0}
    - target: {fileID: 4054608458536026, guid: 0b66d08184993724dac7416b11f92674, type: 3}
      propertyPath: m_LocalRotation.w
      value: 0.051147956
      objectReference: {fileID: 0}
    - target: {fileID: 4054608458536026, guid: 0b66d08184993724dac7416b11f92674, type: 3}
      propertyPath: m_LocalRotation.x
      value: -0
      objectReference: {fileID: 0}
    - target: {fileID: 4054608458536026, guid: 0b66d08184993724dac7416b11f92674, type: 3}
      propertyPath: m_LocalRotation.y
      value: -0.9986911
      objectReference: {fileID: 0}
    - target: {fileID: 4054608458536026, guid: 0b66d08184993724dac7416b11f92674, type: 3}
      propertyPath: m_LocalRotation.z
      value: -0
      objectReference: {fileID: 0}
    - target: {fileID: 4054608458536026, guid: 0b66d08184993724dac7416b11f92674, type: 3}
      propertyPath: m_LocalEulerAnglesHint.x
      value: 0
      objectReference: {fileID: 0}
    - target: {fileID: 4054608458536026, guid: 0b66d08184993724dac7416b11f92674, type: 3}
      propertyPath: m_LocalEulerAnglesHint.y
      value: -174.136
      objectReference: {fileID: 0}
    - target: {fileID: 4054608458536026, guid: 0b66d08184993724dac7416b11f92674, type: 3}
      propertyPath: m_LocalEulerAnglesHint.z
      value: 0
      objectReference: {fileID: 0}
    m_RemovedComponents: []
  m_SourcePrefab: {fileID: 100100000, guid: 0b66d08184993724dac7416b11f92674, type: 3}
--- !u!4 &8868536944483962072 stripped
Transform:
  m_CorrespondingSourceObject: {fileID: 4054608458536026, guid: 0b66d08184993724dac7416b11f92674, type: 3}
  m_PrefabInstance: {fileID: 8871309479157356674}
  m_PrefabAsset: {fileID: 0}
--- !u!1001 &8871309479356897806
PrefabInstance:
  m_ObjectHideFlags: 0
  serializedVersion: 2
  m_Modification:
    m_TransformParent: {fileID: 2441377812015421880}
    m_Modifications:
    - target: {fileID: 1586275792966676, guid: 36671c50e5b866247937253a255b19aa, type: 3}
      propertyPath: m_Name
      value: SM_Prop_Bottle_03
      objectReference: {fileID: 0}
    - target: {fileID: 4309815660970282, guid: 36671c50e5b866247937253a255b19aa, type: 3}
      propertyPath: m_RootOrder
      value: 17
      objectReference: {fileID: 0}
    - target: {fileID: 4309815660970282, guid: 36671c50e5b866247937253a255b19aa, type: 3}
      propertyPath: m_LocalPosition.x
      value: -1.1507454
      objectReference: {fileID: 0}
    - target: {fileID: 4309815660970282, guid: 36671c50e5b866247937253a255b19aa, type: 3}
      propertyPath: m_LocalPosition.y
      value: 2.100537
      objectReference: {fileID: 0}
    - target: {fileID: 4309815660970282, guid: 36671c50e5b866247937253a255b19aa, type: 3}
      propertyPath: m_LocalPosition.z
      value: -18.021683
      objectReference: {fileID: 0}
    - target: {fileID: 4309815660970282, guid: 36671c50e5b866247937253a255b19aa, type: 3}
      propertyPath: m_LocalRotation.w
      value: 0.01213735
      objectReference: {fileID: 0}
    - target: {fileID: 4309815660970282, guid: 36671c50e5b866247937253a255b19aa, type: 3}
      propertyPath: m_LocalRotation.x
      value: -0
      objectReference: {fileID: 0}
    - target: {fileID: 4309815660970282, guid: 36671c50e5b866247937253a255b19aa, type: 3}
      propertyPath: m_LocalRotation.y
      value: 0.9999263
      objectReference: {fileID: 0}
    - target: {fileID: 4309815660970282, guid: 36671c50e5b866247937253a255b19aa, type: 3}
      propertyPath: m_LocalRotation.z
      value: -0
      objectReference: {fileID: 0}
    - target: {fileID: 4309815660970282, guid: 36671c50e5b866247937253a255b19aa, type: 3}
      propertyPath: m_LocalEulerAnglesHint.x
      value: 0
      objectReference: {fileID: 0}
    - target: {fileID: 4309815660970282, guid: 36671c50e5b866247937253a255b19aa, type: 3}
      propertyPath: m_LocalEulerAnglesHint.y
      value: 178.609
      objectReference: {fileID: 0}
    - target: {fileID: 4309815660970282, guid: 36671c50e5b866247937253a255b19aa, type: 3}
      propertyPath: m_LocalEulerAnglesHint.z
      value: 0
      objectReference: {fileID: 0}
    - target: {fileID: 64019950536508284, guid: 36671c50e5b866247937253a255b19aa, type: 3}
      propertyPath: m_Mesh
      value: 
      objectReference: {fileID: 0}
    m_RemovedComponents: []
  m_SourcePrefab: {fileID: 100100000, guid: 36671c50e5b866247937253a255b19aa, type: 3}
--- !u!4 &8868281703045176100 stripped
Transform:
  m_CorrespondingSourceObject: {fileID: 4309815660970282, guid: 36671c50e5b866247937253a255b19aa, type: 3}
  m_PrefabInstance: {fileID: 8871309479356897806}
  m_PrefabAsset: {fileID: 0}
--- !u!1001 &8871309479433415005
PrefabInstance:
  m_ObjectHideFlags: 0
  serializedVersion: 2
  m_Modification:
    m_TransformParent: {fileID: 2441377812015421880}
    m_Modifications:
    - target: {fileID: 1259815508518670, guid: a43086555232f7c41bc875b5e5ccd081, type: 3}
      propertyPath: m_Name
      value: SM_Prop_Noodles_01
      objectReference: {fileID: 0}
    - target: {fileID: 4262148687929494, guid: a43086555232f7c41bc875b5e5ccd081, type: 3}
      propertyPath: m_RootOrder
      value: 18
      objectReference: {fileID: 0}
    - target: {fileID: 4262148687929494, guid: a43086555232f7c41bc875b5e5ccd081, type: 3}
      propertyPath: m_LocalScale.x
      value: 1.5
      objectReference: {fileID: 0}
    - target: {fileID: 4262148687929494, guid: a43086555232f7c41bc875b5e5ccd081, type: 3}
      propertyPath: m_LocalScale.y
      value: 1.5
      objectReference: {fileID: 0}
    - target: {fileID: 4262148687929494, guid: a43086555232f7c41bc875b5e5ccd081, type: 3}
      propertyPath: m_LocalScale.z
      value: 1.5
      objectReference: {fileID: 0}
    - target: {fileID: 4262148687929494, guid: a43086555232f7c41bc875b5e5ccd081, type: 3}
      propertyPath: m_LocalPosition.x
      value: -0.7781224
      objectReference: {fileID: 0}
    - target: {fileID: 4262148687929494, guid: a43086555232f7c41bc875b5e5ccd081, type: 3}
      propertyPath: m_LocalPosition.y
      value: 2.100537
      objectReference: {fileID: 0}
    - target: {fileID: 4262148687929494, guid: a43086555232f7c41bc875b5e5ccd081, type: 3}
      propertyPath: m_LocalPosition.z
      value: -19.285187
      objectReference: {fileID: 0}
    - target: {fileID: 4262148687929494, guid: a43086555232f7c41bc875b5e5ccd081, type: 3}
      propertyPath: m_LocalRotation.w
      value: 0.96870923
      objectReference: {fileID: 0}
    - target: {fileID: 4262148687929494, guid: a43086555232f7c41bc875b5e5ccd081, type: 3}
      propertyPath: m_LocalRotation.x
      value: -0
      objectReference: {fileID: 0}
    - target: {fileID: 4262148687929494, guid: a43086555232f7c41bc875b5e5ccd081, type: 3}
      propertyPath: m_LocalRotation.y
      value: 0.24819851
      objectReference: {fileID: 0}
    - target: {fileID: 4262148687929494, guid: a43086555232f7c41bc875b5e5ccd081, type: 3}
      propertyPath: m_LocalRotation.z
      value: -0
      objectReference: {fileID: 0}
    - target: {fileID: 4262148687929494, guid: a43086555232f7c41bc875b5e5ccd081, type: 3}
      propertyPath: m_LocalEulerAnglesHint.x
      value: 0
      objectReference: {fileID: 0}
    - target: {fileID: 4262148687929494, guid: a43086555232f7c41bc875b5e5ccd081, type: 3}
      propertyPath: m_LocalEulerAnglesHint.y
      value: 28.742
      objectReference: {fileID: 0}
    - target: {fileID: 4262148687929494, guid: a43086555232f7c41bc875b5e5ccd081, type: 3}
      propertyPath: m_LocalEulerAnglesHint.z
      value: 0
      objectReference: {fileID: 0}
    - target: {fileID: 64290242843572412, guid: a43086555232f7c41bc875b5e5ccd081, type: 3}
      propertyPath: m_Mesh
      value: 
      objectReference: {fileID: 0}
    m_RemovedComponents: []
  m_SourcePrefab: {fileID: 100100000, guid: a43086555232f7c41bc875b5e5ccd081, type: 3}
--- !u!4 &8868182085281057227 stripped
Transform:
  m_CorrespondingSourceObject: {fileID: 4262148687929494, guid: a43086555232f7c41bc875b5e5ccd081, type: 3}
  m_PrefabInstance: {fileID: 8871309479433415005}
  m_PrefabAsset: {fileID: 0}
--- !u!1001 &8871309480205423224
PrefabInstance:
  m_ObjectHideFlags: 0
  serializedVersion: 2
  m_Modification:
    m_TransformParent: {fileID: 2441377812015421880}
    m_Modifications:
    - target: {fileID: 1168353465961796, guid: 315f2acd02ded7a458e8ae77a8d7db44, type: 3}
      propertyPath: m_Name
      value: SM_Prop_Bottle_02
      objectReference: {fileID: 0}
    - target: {fileID: 4088265055751036, guid: 315f2acd02ded7a458e8ae77a8d7db44, type: 3}
      propertyPath: m_RootOrder
      value: 16
      objectReference: {fileID: 0}
    - target: {fileID: 4088265055751036, guid: 315f2acd02ded7a458e8ae77a8d7db44, type: 3}
      propertyPath: m_LocalPosition.x
      value: -1.9806786
      objectReference: {fileID: 0}
    - target: {fileID: 4088265055751036, guid: 315f2acd02ded7a458e8ae77a8d7db44, type: 3}
      propertyPath: m_LocalPosition.y
      value: 2.100537
      objectReference: {fileID: 0}
    - target: {fileID: 4088265055751036, guid: 315f2acd02ded7a458e8ae77a8d7db44, type: 3}
      propertyPath: m_LocalPosition.z
      value: -19.871864
      objectReference: {fileID: 0}
    - target: {fileID: 4088265055751036, guid: 315f2acd02ded7a458e8ae77a8d7db44, type: 3}
      propertyPath: m_LocalRotation.w
      value: 0.34413865
      objectReference: {fileID: 0}
    - target: {fileID: 4088265055751036, guid: 315f2acd02ded7a458e8ae77a8d7db44, type: 3}
      propertyPath: m_LocalRotation.x
      value: -0
      objectReference: {fileID: 0}
    - target: {fileID: 4088265055751036, guid: 315f2acd02ded7a458e8ae77a8d7db44, type: 3}
      propertyPath: m_LocalRotation.y
      value: -0.9389189
      objectReference: {fileID: 0}
    - target: {fileID: 4088265055751036, guid: 315f2acd02ded7a458e8ae77a8d7db44, type: 3}
      propertyPath: m_LocalRotation.z
      value: -0
      objectReference: {fileID: 0}
    - target: {fileID: 4088265055751036, guid: 315f2acd02ded7a458e8ae77a8d7db44, type: 3}
      propertyPath: m_LocalEulerAnglesHint.x
      value: 0
      objectReference: {fileID: 0}
    - target: {fileID: 4088265055751036, guid: 315f2acd02ded7a458e8ae77a8d7db44, type: 3}
      propertyPath: m_LocalEulerAnglesHint.y
      value: -139.742
      objectReference: {fileID: 0}
    - target: {fileID: 4088265055751036, guid: 315f2acd02ded7a458e8ae77a8d7db44, type: 3}
      propertyPath: m_LocalEulerAnglesHint.z
      value: 0
      objectReference: {fileID: 0}
    - target: {fileID: 64489772060578018, guid: 315f2acd02ded7a458e8ae77a8d7db44, type: 3}
      propertyPath: m_Mesh
      value: 
      objectReference: {fileID: 0}
    m_RemovedComponents: []
  m_SourcePrefab: {fileID: 100100000, guid: 315f2acd02ded7a458e8ae77a8d7db44, type: 3}
--- !u!4 &8868641793912494340 stripped
Transform:
  m_CorrespondingSourceObject: {fileID: 4088265055751036, guid: 315f2acd02ded7a458e8ae77a8d7db44, type: 3}
  m_PrefabInstance: {fileID: 8871309480205423224}
  m_PrefabAsset: {fileID: 0}
--- !u!1001 &8871309480438952730
PrefabInstance:
  m_ObjectHideFlags: 0
  serializedVersion: 2
  m_Modification:
    m_TransformParent: {fileID: 2441377812015421880}
    m_Modifications:
    - target: {fileID: 1174430494000746, guid: 14b1fd83cdee2be4d821633cca21d71c, type: 3}
      propertyPath: m_Name
      value: SM_Prop_Books_01
      objectReference: {fileID: 0}
    - target: {fileID: 4040339713653074, guid: 14b1fd83cdee2be4d821633cca21d71c, type: 3}
      propertyPath: m_RootOrder
      value: 15
      objectReference: {fileID: 0}
    - target: {fileID: 4040339713653074, guid: 14b1fd83cdee2be4d821633cca21d71c, type: 3}
      propertyPath: m_LocalPosition.x
      value: -2.046
      objectReference: {fileID: 0}
    - target: {fileID: 4040339713653074, guid: 14b1fd83cdee2be4d821633cca21d71c, type: 3}
      propertyPath: m_LocalPosition.y
      value: 2.101537
      objectReference: {fileID: 0}
    - target: {fileID: 4040339713653074, guid: 14b1fd83cdee2be4d821633cca21d71c, type: 3}
      propertyPath: m_LocalPosition.z
      value: -19.462559
      objectReference: {fileID: 0}
    - target: {fileID: 4040339713653074, guid: 14b1fd83cdee2be4d821633cca21d71c, type: 3}
      propertyPath: m_LocalRotation.w
      value: 1
      objectReference: {fileID: 0}
    - target: {fileID: 4040339713653074, guid: 14b1fd83cdee2be4d821633cca21d71c, type: 3}
      propertyPath: m_LocalRotation.x
      value: -0
      objectReference: {fileID: 0}
    - target: {fileID: 4040339713653074, guid: 14b1fd83cdee2be4d821633cca21d71c, type: 3}
      propertyPath: m_LocalRotation.y
      value: -0
      objectReference: {fileID: 0}
    - target: {fileID: 4040339713653074, guid: 14b1fd83cdee2be4d821633cca21d71c, type: 3}
      propertyPath: m_LocalRotation.z
      value: -0
      objectReference: {fileID: 0}
    - target: {fileID: 4040339713653074, guid: 14b1fd83cdee2be4d821633cca21d71c, type: 3}
      propertyPath: m_LocalEulerAnglesHint.x
      value: 0
      objectReference: {fileID: 0}
    - target: {fileID: 4040339713653074, guid: 14b1fd83cdee2be4d821633cca21d71c, type: 3}
      propertyPath: m_LocalEulerAnglesHint.y
      value: 0
      objectReference: {fileID: 0}
    - target: {fileID: 4040339713653074, guid: 14b1fd83cdee2be4d821633cca21d71c, type: 3}
      propertyPath: m_LocalEulerAnglesHint.z
      value: 0
      objectReference: {fileID: 0}
    - target: {fileID: 64407028595082858, guid: 14b1fd83cdee2be4d821633cca21d71c, type: 3}
      propertyPath: m_Mesh
      value: 
      objectReference: {fileID: 0}
    m_RemovedComponents: []
  m_SourcePrefab: {fileID: 100100000, guid: 14b1fd83cdee2be4d821633cca21d71c, type: 3}
--- !u!4 &8868540197822335560 stripped
Transform:
  m_CorrespondingSourceObject: {fileID: 4040339713653074, guid: 14b1fd83cdee2be4d821633cca21d71c, type: 3}
  m_PrefabInstance: {fileID: 8871309480438952730}
  m_PrefabAsset: {fileID: 0}
--- !u!1001 &8871309480558436221
PrefabInstance:
  m_ObjectHideFlags: 0
  serializedVersion: 2
  m_Modification:
    m_TransformParent: {fileID: 2441377812015421880}
    m_Modifications:
    - target: {fileID: 1841983883788338, guid: 9185866dc0127144abec19b225bf37c0, type: 3}
      propertyPath: m_Name
      value: SM_Prop_Stool_01 (15)
      objectReference: {fileID: 0}
    - target: {fileID: 4333038575803528, guid: 9185866dc0127144abec19b225bf37c0, type: 3}
      propertyPath: m_RootOrder
      value: 11
      objectReference: {fileID: 0}
    - target: {fileID: 4333038575803528, guid: 9185866dc0127144abec19b225bf37c0, type: 3}
      propertyPath: m_LocalScale.x
      value: 1
      objectReference: {fileID: 0}
    - target: {fileID: 4333038575803528, guid: 9185866dc0127144abec19b225bf37c0, type: 3}
      propertyPath: m_LocalScale.y
      value: 1
      objectReference: {fileID: 0}
    - target: {fileID: 4333038575803528, guid: 9185866dc0127144abec19b225bf37c0, type: 3}
      propertyPath: m_LocalScale.z
      value: 1
      objectReference: {fileID: 0}
    - target: {fileID: 4333038575803528, guid: 9185866dc0127144abec19b225bf37c0, type: 3}
      propertyPath: m_LocalPosition.x
      value: -0.16262627
      objectReference: {fileID: 0}
    - target: {fileID: 4333038575803528, guid: 9185866dc0127144abec19b225bf37c0, type: 3}
      propertyPath: m_LocalPosition.y
      value: 1.2525368
      objectReference: {fileID: 0}
    - target: {fileID: 4333038575803528, guid: 9185866dc0127144abec19b225bf37c0, type: 3}
      propertyPath: m_LocalPosition.z
      value: -18.460732
      objectReference: {fileID: 0}
    - target: {fileID: 4333038575803528, guid: 9185866dc0127144abec19b225bf37c0, type: 3}
      propertyPath: m_LocalRotation.w
      value: 0.97028697
      objectReference: {fileID: 0}
    - target: {fileID: 4333038575803528, guid: 9185866dc0127144abec19b225bf37c0, type: 3}
      propertyPath: m_LocalRotation.x
      value: -0
      objectReference: {fileID: 0}
    - target: {fileID: 4333038575803528, guid: 9185866dc0127144abec19b225bf37c0, type: 3}
      propertyPath: m_LocalRotation.y
      value: 0.24195728
      objectReference: {fileID: 0}
    - target: {fileID: 4333038575803528, guid: 9185866dc0127144abec19b225bf37c0, type: 3}
      propertyPath: m_LocalRotation.z
      value: -0
      objectReference: {fileID: 0}
    - target: {fileID: 4333038575803528, guid: 9185866dc0127144abec19b225bf37c0, type: 3}
      propertyPath: m_LocalEulerAnglesHint.y
      value: 28.004002
      objectReference: {fileID: 0}
    m_RemovedComponents: []
  m_SourcePrefab: {fileID: 100100000, guid: 9185866dc0127144abec19b225bf37c0, type: 3}
--- !u!4 &8868251875471148021 stripped
Transform:
  m_CorrespondingSourceObject: {fileID: 4333038575803528, guid: 9185866dc0127144abec19b225bf37c0, type: 3}
  m_PrefabInstance: {fileID: 8871309480558436221}
  m_PrefabAsset: {fileID: 0}
--- !u!1001 &8871309480800566123
PrefabInstance:
  m_ObjectHideFlags: 0
  serializedVersion: 2
  m_Modification:
    m_TransformParent: {fileID: 2441377812015421880}
    m_Modifications:
    - target: {fileID: 1841983883788338, guid: 9185866dc0127144abec19b225bf37c0, type: 3}
      propertyPath: m_Name
      value: SM_Prop_Stool_01 (23)
      objectReference: {fileID: 0}
    - target: {fileID: 4333038575803528, guid: 9185866dc0127144abec19b225bf37c0, type: 3}
      propertyPath: m_RootOrder
      value: 12
      objectReference: {fileID: 0}
    - target: {fileID: 4333038575803528, guid: 9185866dc0127144abec19b225bf37c0, type: 3}
      propertyPath: m_LocalScale.x
      value: 1
      objectReference: {fileID: 0}
    - target: {fileID: 4333038575803528, guid: 9185866dc0127144abec19b225bf37c0, type: 3}
      propertyPath: m_LocalScale.y
      value: 1
      objectReference: {fileID: 0}
    - target: {fileID: 4333038575803528, guid: 9185866dc0127144abec19b225bf37c0, type: 3}
      propertyPath: m_LocalScale.z
      value: 1
      objectReference: {fileID: 0}
    - target: {fileID: 4333038575803528, guid: 9185866dc0127144abec19b225bf37c0, type: 3}
      propertyPath: m_LocalPosition.x
      value: -2.5086267
      objectReference: {fileID: 0}
    - target: {fileID: 4333038575803528, guid: 9185866dc0127144abec19b225bf37c0, type: 3}
      propertyPath: m_LocalPosition.y
      value: 1.2525368
      objectReference: {fileID: 0}
    - target: {fileID: 4333038575803528, guid: 9185866dc0127144abec19b225bf37c0, type: 3}
      propertyPath: m_LocalPosition.z
      value: -18.460732
      objectReference: {fileID: 0}
    - target: {fileID: 4333038575803528, guid: 9185866dc0127144abec19b225bf37c0, type: 3}
      propertyPath: m_LocalRotation.w
      value: 0.9986766
      objectReference: {fileID: 0}
    - target: {fileID: 4333038575803528, guid: 9185866dc0127144abec19b225bf37c0, type: 3}
      propertyPath: m_LocalRotation.x
      value: -0
      objectReference: {fileID: 0}
    - target: {fileID: 4333038575803528, guid: 9185866dc0127144abec19b225bf37c0, type: 3}
      propertyPath: m_LocalRotation.y
      value: -0.0514305
      objectReference: {fileID: 0}
    - target: {fileID: 4333038575803528, guid: 9185866dc0127144abec19b225bf37c0, type: 3}
      propertyPath: m_LocalRotation.z
      value: -0
      objectReference: {fileID: 0}
    - target: {fileID: 4333038575803528, guid: 9185866dc0127144abec19b225bf37c0, type: 3}
      propertyPath: m_LocalEulerAnglesHint.y
      value: -5.8960004
      objectReference: {fileID: 0}
    m_RemovedComponents: []
  m_SourcePrefab: {fileID: 100100000, guid: 9185866dc0127144abec19b225bf37c0, type: 3}
--- !u!4 &8868251875984009187 stripped
Transform:
  m_CorrespondingSourceObject: {fileID: 4333038575803528, guid: 9185866dc0127144abec19b225bf37c0, type: 3}
  m_PrefabInstance: {fileID: 8871309480800566123}
  m_PrefabAsset: {fileID: 0}
