%YAML 1.1
%TAG !u! tag:unity3d.com,2011:
--- !u!1 &1953517439744121469
GameObject:
  m_ObjectHideFlags: 0
  m_CorrespondingSourceObject: {fileID: 0}
  m_PrefabInstance: {fileID: 0}
  m_PrefabAsset: {fileID: 0}
  serializedVersion: 6
  m_Component:
  - component: {fileID: 1953517439744121468}
  m_Layer: 0
  m_Name: TableChevet(2)
  m_TagString: Untagged
  m_Icon: {fileID: 0}
  m_NavMeshLayer: 0
  m_StaticEditorFlags: 0
  m_IsActive: 1
--- !u!4 &1953517439744121468
Transform:
  m_ObjectHideFlags: 0
  m_CorrespondingSourceObject: {fileID: 0}
  m_PrefabInstance: {fileID: 0}
  m_PrefabAsset: {fileID: 0}
  m_GameObject: {fileID: 1953517439744121469}
  m_LocalRotation: {x: 0, y: 0, z: 0, w: 1}
  m_LocalPosition: {x: 0, y: 0, z: 0}
  m_LocalScale: {x: 1, y: 1, z: 1}
  m_Children:
  - {fileID: 1950803831278376468}
  - {fileID: 1949263548991457327}
  - {fileID: 1953517439986961871}
  - {fileID: 3890749943292232315}
  m_Father: {fileID: 0}
  m_RootOrder: 0
  m_LocalEulerAnglesHint: {x: 0, y: 0, z: 0}
--- !u!1 &1953517439986961868
GameObject:
  m_ObjectHideFlags: 0
  m_CorrespondingSourceObject: {fileID: 0}
  m_PrefabInstance: {fileID: 0}
  m_PrefabAsset: {fileID: 0}
  serializedVersion: 6
  m_Component:
  - component: {fileID: 1953517439986961871}
  - component: {fileID: 1953517439986961864}
  - component: {fileID: 1953517439986961865}
  - component: {fileID: 1953517439986961870}
  - component: {fileID: 1953517439986961867}
  m_Layer: 0
  m_Name: Lampe
  m_TagString: Untagged
  m_Icon: {fileID: 0}
  m_NavMeshLayer: 0
  m_StaticEditorFlags: 0
  m_IsActive: 1
--- !u!4 &1953517439986961871
Transform:
  m_ObjectHideFlags: 0
  m_CorrespondingSourceObject: {fileID: 0}
  m_PrefabInstance: {fileID: 0}
  m_PrefabAsset: {fileID: 0}
  m_GameObject: {fileID: 1953517439986961868}
  m_LocalRotation: {x: -0, y: -0, z: -0, w: 1}
  m_LocalPosition: {x: -7, y: 1.316, z: -0.87976646}
  m_LocalScale: {x: 0.5, y: 0.2, z: 0.5}
  m_Children: []
  m_Father: {fileID: 1953517439744121468}
  m_RootOrder: 2
  m_LocalEulerAnglesHint: {x: 0, y: 0, z: 0}
--- !u!33 &1953517439986961864
MeshFilter:
  m_ObjectHideFlags: 0
  m_CorrespondingSourceObject: {fileID: 0}
  m_PrefabInstance: {fileID: 0}
  m_PrefabAsset: {fileID: 0}
  m_GameObject: {fileID: 1953517439986961868}
  m_Mesh: {fileID: 10206, guid: 0000000000000000e000000000000000, type: 0}
--- !u!23 &1953517439986961865
MeshRenderer:
  m_ObjectHideFlags: 0
  m_CorrespondingSourceObject: {fileID: 0}
  m_PrefabInstance: {fileID: 0}
  m_PrefabAsset: {fileID: 0}
  m_GameObject: {fileID: 1953517439986961868}
  m_Enabled: 1
  m_CastShadows: 1
  m_ReceiveShadows: 1
  m_DynamicOccludee: 1
  m_MotionVectors: 1
  m_LightProbeUsage: 1
  m_ReflectionProbeUsage: 1
  m_RayTracingMode: 2
  m_RayTraceProcedural: 0
  m_RenderingLayerMask: 1
  m_RendererPriority: 0
  m_Materials:
  - {fileID: 2100000, guid: be2a01446d89ea944a4aa084022c5848, type: 2}
  m_StaticBatchInfo:
    firstSubMesh: 0
    subMeshCount: 0
  m_StaticBatchRoot: {fileID: 0}
  m_ProbeAnchor: {fileID: 0}
  m_LightProbeVolumeOverride: {fileID: 0}
  m_ScaleInLightmap: 1
  m_ReceiveGI: 1
  m_PreserveUVs: 0
  m_IgnoreNormalsForChartDetection: 0
  m_ImportantGI: 0
  m_StitchLightmapSeams: 1
  m_SelectedEditorRenderState: 3
  m_MinimumChartSize: 4
  m_AutoUVMaxDistance: 0.5
  m_AutoUVMaxAngle: 89
  m_LightmapParameters: {fileID: 0}
  m_SortingLayerID: 0
  m_SortingLayer: 0
  m_SortingOrder: 0
  m_AdditionalVertexStreams: {fileID: 0}
--- !u!136 &1953517439986961870
CapsuleCollider:
  m_ObjectHideFlags: 0
  m_CorrespondingSourceObject: {fileID: 0}
  m_PrefabInstance: {fileID: 0}
  m_PrefabAsset: {fileID: 0}
  m_GameObject: {fileID: 1953517439986961868}
  m_Material: {fileID: 0}
  m_IsTrigger: 0
  m_Enabled: 1
  m_Radius: 0.5000001
  m_Height: 2
  m_Direction: 1
  m_Center: {x: 0.000000059604645, y: 0, z: -0.00000008940697}
--- !u!108 &1953517439986961867
Light:
  m_ObjectHideFlags: 0
  m_CorrespondingSourceObject: {fileID: 0}
  m_PrefabInstance: {fileID: 0}
  m_PrefabAsset: {fileID: 0}
  m_GameObject: {fileID: 1953517439986961868}
  m_Enabled: 1
  serializedVersion: 10
  m_Type: 2
  m_Shape: 0
  m_Color: {r: 1, g: 0.7334805, b: 0, a: 1}
  m_Intensity: 4
  m_Range: 10
  m_SpotAngle: 30
  m_InnerSpotAngle: 21.80208
  m_CookieSize: 10
  m_Shadows:
    m_Type: 2
    m_Resolution: -1
    m_CustomResolution: -1
    m_Strength: 1
    m_Bias: 0.05
    m_NormalBias: 0.4
    m_NearPlane: 0.2
    m_CullingMatrixOverride:
      e00: 1
      e01: 0
      e02: 0
      e03: 0
      e10: 0
      e11: 1
      e12: 0
      e13: 0
      e20: 0
      e21: 0
      e22: 1
      e23: 0
      e30: 0
      e31: 0
      e32: 0
      e33: 1
    m_UseCullingMatrixOverride: 0
  m_Cookie: {fileID: 0}
  m_DrawHalo: 0
  m_Flare: {fileID: 0}
  m_RenderMode: 0
  m_CullingMask:
    serializedVersion: 2
    m_Bits: 4294967295
  m_RenderingLayerMask: 1
  m_Lightmapping: 2
  m_LightShadowCasterMode: 0
  m_AreaSize: {x: 1, y: 1}
  m_BounceIntensity: 1
  m_ColorTemperature: 6570
  m_UseColorTemperature: 0
  m_BoundingSphereOverride: {x: 0, y: 0, z: 0, w: 0}
  m_UseBoundingSphereOverride: 0
  m_UseViewFrustumForShadowCasterCull: 1
  m_ShadowRadius: 0
  m_ShadowAngle: 0
--- !u!1001 &1953517438523292363
PrefabInstance:
  m_ObjectHideFlags: 0
  serializedVersion: 2
  m_Modification:
    m_TransformParent: {fileID: 1953517439744121468}
    m_Modifications:
    - target: {fileID: 1609582470096202, guid: 195a827257c51224586e8cb069cafa23, type: 3}
      propertyPath: m_Name
      value: SM_Prop_Detail_Wirebox_01
      objectReference: {fileID: 0}
    - target: {fileID: 4896247063704292, guid: 195a827257c51224586e8cb069cafa23, type: 3}
      propertyPath: m_RootOrder
      value: 1
      objectReference: {fileID: 0}
    - target: {fileID: 4896247063704292, guid: 195a827257c51224586e8cb069cafa23, type: 3}
      propertyPath: m_LocalScale.x
      value: 1.5
      objectReference: {fileID: 0}
    - target: {fileID: 4896247063704292, guid: 195a827257c51224586e8cb069cafa23, type: 3}
      propertyPath: m_LocalScale.z
      value: 1.5
      objectReference: {fileID: 0}
    - target: {fileID: 4896247063704292, guid: 195a827257c51224586e8cb069cafa23, type: 3}
      propertyPath: m_LocalPosition.x
      value: -6.999916
      objectReference: {fileID: 0}
    - target: {fileID: 4896247063704292, guid: 195a827257c51224586e8cb069cafa23, type: 3}
      propertyPath: m_LocalPosition.y
      value: 0.04045856
      objectReference: {fileID: 0}
    - target: {fileID: 4896247063704292, guid: 195a827257c51224586e8cb069cafa23, type: 3}
      propertyPath: m_LocalPosition.z
      value: -1.0363064
      objectReference: {fileID: 0}
    - target: {fileID: 4896247063704292, guid: 195a827257c51224586e8cb069cafa23, type: 3}
      propertyPath: m_LocalRotation.w
      value: 1
      objectReference: {fileID: 0}
    - target: {fileID: 4896247063704292, guid: 195a827257c51224586e8cb069cafa23, type: 3}
      propertyPath: m_LocalRotation.x
      value: -0
      objectReference: {fileID: 0}
    - target: {fileID: 4896247063704292, guid: 195a827257c51224586e8cb069cafa23, type: 3}
      propertyPath: m_LocalRotation.y
      value: -0
      objectReference: {fileID: 0}
    - target: {fileID: 4896247063704292, guid: 195a827257c51224586e8cb069cafa23, type: 3}
      propertyPath: m_LocalRotation.z
      value: -0
      objectReference: {fileID: 0}
    - target: {fileID: 4896247063704292, guid: 195a827257c51224586e8cb069cafa23, type: 3}
      propertyPath: m_LocalEulerAnglesHint.x
      value: 0
      objectReference: {fileID: 0}
    - target: {fileID: 4896247063704292, guid: 195a827257c51224586e8cb069cafa23, type: 3}
      propertyPath: m_LocalEulerAnglesHint.y
      value: 0
      objectReference: {fileID: 0}
    - target: {fileID: 4896247063704292, guid: 195a827257c51224586e8cb069cafa23, type: 3}
      propertyPath: m_LocalEulerAnglesHint.z
      value: 0
      objectReference: {fileID: 0}
    m_RemovedComponents: []
  m_SourcePrefab: {fileID: 100100000, guid: 195a827257c51224586e8cb069cafa23, type: 3}
--- !u!4 &1949263548991457327 stripped
Transform:
  m_CorrespondingSourceObject: {fileID: 4896247063704292, guid: 195a827257c51224586e8cb069cafa23, type: 3}
  m_PrefabInstance: {fileID: 1953517438523292363}
  m_PrefabAsset: {fileID: 0}
--- !u!1001 &1953517438771599978
PrefabInstance:
  m_ObjectHideFlags: 0
  serializedVersion: 2
  m_Modification:
    m_TransformParent: {fileID: 1953517439744121468}
    m_Modifications:
    - target: {fileID: 1627866879844714, guid: 313738dbd200760498b76b1c93a2b3f5, type: 3}
      propertyPath: m_Name
      value: SM_Prop_Antenna
      objectReference: {fileID: 0}
    - target: {fileID: 4200671378312318, guid: 313738dbd200760498b76b1c93a2b3f5, type: 3}
      propertyPath: m_RootOrder
      value: 0
      objectReference: {fileID: 0}
    - target: {fileID: 4200671378312318, guid: 313738dbd200760498b76b1c93a2b3f5, type: 3}
      propertyPath: m_LocalScale.x
      value: 0.4
      objectReference: {fileID: 0}
    - target: {fileID: 4200671378312318, guid: 313738dbd200760498b76b1c93a2b3f5, type: 3}
      propertyPath: m_LocalScale.y
      value: 0.3
      objectReference: {fileID: 0}
    - target: {fileID: 4200671378312318, guid: 313738dbd200760498b76b1c93a2b3f5, type: 3}
      propertyPath: m_LocalScale.z
      value: 0.4
      objectReference: {fileID: 0}
    - target: {fileID: 4200671378312318, guid: 313738dbd200760498b76b1c93a2b3f5, type: 3}
      propertyPath: m_LocalPosition.x
      value: -6.9990044
      objectReference: {fileID: 0}
    - target: {fileID: 4200671378312318, guid: 313738dbd200760498b76b1c93a2b3f5, type: 3}
      propertyPath: m_LocalPosition.y
      value: 0.66896373
      objectReference: {fileID: 0}
    - target: {fileID: 4200671378312318, guid: 313738dbd200760498b76b1c93a2b3f5, type: 3}
      propertyPath: m_LocalPosition.z
      value: -0.878
      objectReference: {fileID: 0}
    - target: {fileID: 4200671378312318, guid: 313738dbd200760498b76b1c93a2b3f5, type: 3}
      propertyPath: m_LocalRotation.w
      value: 1
      objectReference: {fileID: 0}
    - target: {fileID: 4200671378312318, guid: 313738dbd200760498b76b1c93a2b3f5, type: 3}
      propertyPath: m_LocalRotation.x
      value: -0
      objectReference: {fileID: 0}
    - target: {fileID: 4200671378312318, guid: 313738dbd200760498b76b1c93a2b3f5, type: 3}
      propertyPath: m_LocalRotation.y
      value: -0
      objectReference: {fileID: 0}
    - target: {fileID: 4200671378312318, guid: 313738dbd200760498b76b1c93a2b3f5, type: 3}
      propertyPath: m_LocalRotation.z
      value: -0
      objectReference: {fileID: 0}
    - target: {fileID: 4200671378312318, guid: 313738dbd200760498b76b1c93a2b3f5, type: 3}
      propertyPath: m_LocalEulerAnglesHint.x
      value: 0
      objectReference: {fileID: 0}
    - target: {fileID: 4200671378312318, guid: 313738dbd200760498b76b1c93a2b3f5, type: 3}
      propertyPath: m_LocalEulerAnglesHint.y
      value: 0
      objectReference: {fileID: 0}
    - target: {fileID: 4200671378312318, guid: 313738dbd200760498b76b1c93a2b3f5, type: 3}
      propertyPath: m_LocalEulerAnglesHint.z
      value: 0
      objectReference: {fileID: 0}
    - target: {fileID: 64204853173997594, guid: 313738dbd200760498b76b1c93a2b3f5, type: 3}
      propertyPath: m_Mesh
      value: 
      objectReference: {fileID: 0}
    - target: {fileID: 64772669022185614, guid: 313738dbd200760498b76b1c93a2b3f5, type: 3}
      propertyPath: m_Mesh
      value: 
      objectReference: {fileID: 0}
    m_RemovedComponents: []
  m_SourcePrefab: {fileID: 100100000, guid: 313738dbd200760498b76b1c93a2b3f5, type: 3}
--- !u!4 &1950803831278376468 stripped
Transform:
  m_CorrespondingSourceObject: {fileID: 4200671378312318, guid: 313738dbd200760498b76b1c93a2b3f5, type: 3}
  m_PrefabInstance: {fileID: 1953517438771599978}
  m_PrefabAsset: {fileID: 0}
--- !u!1001 &3886855927750032169
PrefabInstance:
  m_ObjectHideFlags: 0
  serializedVersion: 2
  m_Modification:
    m_TransformParent: {fileID: 1953517439744121468}
    m_Modifications:
    - target: {fileID: 1174430494000746, guid: 14b1fd83cdee2be4d821633cca21d71c, type: 3}
      propertyPath: m_Name
      value: SM_Prop_Books_01
      objectReference: {fileID: 0}
    - target: {fileID: 4040339713653074, guid: 14b1fd83cdee2be4d821633cca21d71c, type: 3}
      propertyPath: m_RootOrder
      value: 3
      objectReference: {fileID: 0}
    - target: {fileID: 4040339713653074, guid: 14b1fd83cdee2be4d821633cca21d71c, type: 3}
      propertyPath: m_LocalScale.x
      value: -1
      objectReference: {fileID: 0}
    - target: {fileID: 4040339713653074, guid: 14b1fd83cdee2be4d821633cca21d71c, type: 3}
      propertyPath: m_LocalPosition.x
      value: -7.062295
      objectReference: {fileID: 0}
    - target: {fileID: 4040339713653074, guid: 14b1fd83cdee2be4d821633cca21d71c, type: 3}
      propertyPath: m_LocalPosition.y
      value: 0.684
      objectReference: {fileID: 0}
    - target: {fileID: 4040339713653074, guid: 14b1fd83cdee2be4d821633cca21d71c, type: 3}
      propertyPath: m_LocalPosition.z
      value: -1.2202015
      objectReference: {fileID: 0}
    - target: {fileID: 4040339713653074, guid: 14b1fd83cdee2be4d821633cca21d71c, type: 3}
      propertyPath: m_LocalRotation.w
      value: 0.9396927
      objectReference: {fileID: 0}
    - target: {fileID: 4040339713653074, guid: 14b1fd83cdee2be4d821633cca21d71c, type: 3}
      propertyPath: m_LocalRotation.x
      value: -0
      objectReference: {fileID: 0}
    - target: {fileID: 4040339713653074, guid: 14b1fd83cdee2be4d821633cca21d71c, type: 3}
      propertyPath: m_LocalRotation.y
      value: -0.3420201
      objectReference: {fileID: 0}
    - target: {fileID: 4040339713653074, guid: 14b1fd83cdee2be4d821633cca21d71c, type: 3}
      propertyPath: m_LocalRotation.z
      value: -0
      objectReference: {fileID: 0}
    - target: {fileID: 4040339713653074, guid: 14b1fd83cdee2be4d821633cca21d71c, type: 3}
      propertyPath: m_LocalEulerAnglesHint.x
      value: 0
      objectReference: {fileID: 0}
    - target: {fileID: 4040339713653074, guid: 14b1fd83cdee2be4d821633cca21d71c, type: 3}
      propertyPath: m_LocalEulerAnglesHint.y
      value: 40
      objectReference: {fileID: 0}
    - target: {fileID: 4040339713653074, guid: 14b1fd83cdee2be4d821633cca21d71c, type: 3}
      propertyPath: m_LocalEulerAnglesHint.z
      value: 0
      objectReference: {fileID: 0}
    - target: {fileID: 64407028595082858, guid: 14b1fd83cdee2be4d821633cca21d71c, type: 3}
      propertyPath: m_Mesh
      value: 
      objectReference: {fileID: 0}
    m_RemovedComponents: []
  m_SourcePrefab: {fileID: 100100000, guid: 14b1fd83cdee2be4d821633cca21d71c, type: 3}
--- !u!4 &3890749943292232315 stripped
Transform:
  m_CorrespondingSourceObject: {fileID: 4040339713653074, guid: 14b1fd83cdee2be4d821633cca21d71c, type: 3}
  m_PrefabInstance: {fileID: 3886855927750032169}
  m_PrefabAsset: {fileID: 0}
