%YAML 1.1
%TAG !u! tag:unity3d.com,2011:
--- !u!1 &6556322789384768534
GameObject:
  m_ObjectHideFlags: 0
  m_CorrespondingSourceObject: {fileID: 0}
  m_PrefabInstance: {fileID: 0}
  m_PrefabAsset: {fileID: 0}
  serializedVersion: 6
  m_Component:
  - component: {fileID: 6556322789384768533}
  m_Layer: 0
  m_Name: Table4t(1)
  m_TagString: Untagged
  m_Icon: {fileID: 0}
  m_NavMeshLayer: 0
  m_StaticEditorFlags: 0
  m_IsActive: 1
--- !u!4 &6556322789384768533
Transform:
  m_ObjectHideFlags: 0
  m_CorrespondingSourceObject: {fileID: 0}
  m_PrefabInstance: {fileID: 0}
  m_PrefabAsset: {fileID: 0}
  m_GameObject: {fileID: 6556322789384768534}
  m_LocalRotation: {x: 0, y: 0, z: 0, w: 1}
  m_LocalPosition: {x: 0, y: 0, z: 0}
  m_LocalScale: {x: 1, y: 1, z: 1}
  m_Children:
  - {fileID: 6553819614454198148}
  - {fileID: 6553819615389942119}
  - {fileID: 6551843246071717457}
  - {fileID: 6551885444604296604}
  - {fileID: 6553847880463803158}
  - {fileID: 6553819615050983229}
  - {fileID: 6553304498185614747}
  - {fileID: 6553819615343261604}
  - {fileID: 6551956036727505890}
  - {fileID: 6551843245774325266}
  - {fileID: 6551941758976242795}
  - {fileID: 6553364825418067226}
  m_Father: {fileID: 0}
  m_RootOrder: 0
  m_LocalEulerAnglesHint: {x: 0, y: 0, z: 0}
--- !u!1001 &6556322789231437414
PrefabInstance:
  m_ObjectHideFlags: 0
  serializedVersion: 2
  m_Modification:
    m_TransformParent: {fileID: 6556322789384768533}
    m_Modifications:
    - target: {fileID: 1168353465961796, guid: 315f2acd02ded7a458e8ae77a8d7db44, type: 3}
      propertyPath: m_Name
      value: SM_Prop_Bottle_02 (1)
      objectReference: {fileID: 0}
    - target: {fileID: 4088265055751036, guid: 315f2acd02ded7a458e8ae77a8d7db44, type: 3}
      propertyPath: m_RootOrder
      value: 11
      objectReference: {fileID: 0}
    - target: {fileID: 4088265055751036, guid: 315f2acd02ded7a458e8ae77a8d7db44, type: 3}
      propertyPath: m_LocalPosition.x
      value: -0.93
      objectReference: {fileID: 0}
    - target: {fileID: 4088265055751036, guid: 315f2acd02ded7a458e8ae77a8d7db44, type: 3}
      propertyPath: m_LocalPosition.y
      value: 2.100537
      objectReference: {fileID: 0}
    - target: {fileID: 4088265055751036, guid: 315f2acd02ded7a458e8ae77a8d7db44, type: 3}
      propertyPath: m_LocalPosition.z
      value: -19.89
      objectReference: {fileID: 0}
    - target: {fileID: 4088265055751036, guid: 315f2acd02ded7a458e8ae77a8d7db44, type: 3}
      propertyPath: m_LocalRotation.w
      value: 1
      objectReference: {fileID: 0}
    - target: {fileID: 4088265055751036, guid: 315f2acd02ded7a458e8ae77a8d7db44, type: 3}
      propertyPath: m_LocalRotation.x
      value: -0
      objectReference: {fileID: 0}
    - target: {fileID: 4088265055751036, guid: 315f2acd02ded7a458e8ae77a8d7db44, type: 3}
      propertyPath: m_LocalRotation.y
      value: -0
      objectReference: {fileID: 0}
    - target: {fileID: 4088265055751036, guid: 315f2acd02ded7a458e8ae77a8d7db44, type: 3}
      propertyPath: m_LocalRotation.z
      value: -0
      objectReference: {fileID: 0}
    - target: {fileID: 4088265055751036, guid: 315f2acd02ded7a458e8ae77a8d7db44, type: 3}
      propertyPath: m_LocalEulerAnglesHint.x
      value: 0
      objectReference: {fileID: 0}
    - target: {fileID: 4088265055751036, guid: 315f2acd02ded7a458e8ae77a8d7db44, type: 3}
      propertyPath: m_LocalEulerAnglesHint.y
      value: 0
      objectReference: {fileID: 0}
    - target: {fileID: 4088265055751036, guid: 315f2acd02ded7a458e8ae77a8d7db44, type: 3}
      propertyPath: m_LocalEulerAnglesHint.z
      value: 0
      objectReference: {fileID: 0}
    - target: {fileID: 64489772060578018, guid: 315f2acd02ded7a458e8ae77a8d7db44, type: 3}
      propertyPath: m_Mesh
      value: 
      objectReference: {fileID: 0}
    m_RemovedComponents: []
  m_SourcePrefab: {fileID: 100100000, guid: 315f2acd02ded7a458e8ae77a8d7db44, type: 3}
--- !u!4 &6553364825418067226 stripped
Transform:
  m_CorrespondingSourceObject: {fileID: 4088265055751036, guid: 315f2acd02ded7a458e8ae77a8d7db44, type: 3}
  m_PrefabInstance: {fileID: 6556322789231437414}
  m_PrefabAsset: {fileID: 0}
--- !u!1001 &6556322789339658655
PrefabInstance:
  m_ObjectHideFlags: 0
  serializedVersion: 2
  m_Modification:
    m_TransformParent: {fileID: 6556322789384768533}
    m_Modifications:
    - target: {fileID: 1986105118506860, guid: 5dc62f3f20909a14abbe9319c9bc9051, type: 3}
      propertyPath: m_Name
      value: SM_Prop_FoodTray_01 (4)
      objectReference: {fileID: 0}
    - target: {fileID: 4625022937655246, guid: 5dc62f3f20909a14abbe9319c9bc9051, type: 3}
      propertyPath: m_RootOrder
      value: 2
      objectReference: {fileID: 0}
    - target: {fileID: 4625022937655246, guid: 5dc62f3f20909a14abbe9319c9bc9051, type: 3}
      propertyPath: m_LocalPosition.x
      value: -1.8256261
      objectReference: {fileID: 0}
    - target: {fileID: 4625022937655246, guid: 5dc62f3f20909a14abbe9319c9bc9051, type: 3}
      propertyPath: m_LocalPosition.y
      value: 2.1015368
      objectReference: {fileID: 0}
    - target: {fileID: 4625022937655246, guid: 5dc62f3f20909a14abbe9319c9bc9051, type: 3}
      propertyPath: m_LocalPosition.z
      value: -19.092731
      objectReference: {fileID: 0}
    - target: {fileID: 4625022937655246, guid: 5dc62f3f20909a14abbe9319c9bc9051, type: 3}
      propertyPath: m_LocalRotation.w
      value: -0.6820112
      objectReference: {fileID: 0}
    - target: {fileID: 4625022937655246, guid: 5dc62f3f20909a14abbe9319c9bc9051, type: 3}
      propertyPath: m_LocalRotation.x
      value: -0
      objectReference: {fileID: 0}
    - target: {fileID: 4625022937655246, guid: 5dc62f3f20909a14abbe9319c9bc9051, type: 3}
      propertyPath: m_LocalRotation.y
      value: 0.7313418
      objectReference: {fileID: 0}
    - target: {fileID: 4625022937655246, guid: 5dc62f3f20909a14abbe9319c9bc9051, type: 3}
      propertyPath: m_LocalRotation.z
      value: -0
      objectReference: {fileID: 0}
    - target: {fileID: 4625022937655246, guid: 5dc62f3f20909a14abbe9319c9bc9051, type: 3}
      propertyPath: m_LocalEulerAnglesHint.x
      value: 0
      objectReference: {fileID: 0}
    - target: {fileID: 4625022937655246, guid: 5dc62f3f20909a14abbe9319c9bc9051, type: 3}
      propertyPath: m_LocalEulerAnglesHint.y
      value: 266.002
      objectReference: {fileID: 0}
    - target: {fileID: 4625022937655246, guid: 5dc62f3f20909a14abbe9319c9bc9051, type: 3}
      propertyPath: m_LocalEulerAnglesHint.z
      value: 0
      objectReference: {fileID: 0}
    m_RemovedComponents: []
  m_SourcePrefab: {fileID: 100100000, guid: 5dc62f3f20909a14abbe9319c9bc9051, type: 3}
--- !u!4 &6551843246071717457 stripped
Transform:
  m_CorrespondingSourceObject: {fileID: 4625022937655246, guid: 5dc62f3f20909a14abbe9319c9bc9051, type: 3}
  m_PrefabInstance: {fileID: 6556322789339658655}
  m_PrefabAsset: {fileID: 0}
--- !u!1001 &6556322789427278604
PrefabInstance:
  m_ObjectHideFlags: 0
  serializedVersion: 2
  m_Modification:
    m_TransformParent: {fileID: 6556322789384768533}
    m_Modifications:
    - target: {fileID: 1841983883788338, guid: 9185866dc0127144abec19b225bf37c0, type: 3}
      propertyPath: m_Name
      value: SM_Prop_Stool_01 (14)
      objectReference: {fileID: 0}
    - target: {fileID: 4333038575803528, guid: 9185866dc0127144abec19b225bf37c0, type: 3}
      propertyPath: m_RootOrder
      value: 0
      objectReference: {fileID: 0}
    - target: {fileID: 4333038575803528, guid: 9185866dc0127144abec19b225bf37c0, type: 3}
      propertyPath: m_LocalScale.x
      value: 1
      objectReference: {fileID: 0}
    - target: {fileID: 4333038575803528, guid: 9185866dc0127144abec19b225bf37c0, type: 3}
      propertyPath: m_LocalScale.y
      value: 1
      objectReference: {fileID: 0}
    - target: {fileID: 4333038575803528, guid: 9185866dc0127144abec19b225bf37c0, type: 3}
      propertyPath: m_LocalScale.z
      value: 1
      objectReference: {fileID: 0}
    - target: {fileID: 4333038575803528, guid: 9185866dc0127144abec19b225bf37c0, type: 3}
      propertyPath: m_LocalPosition.x
      value: -0.17862701
      objectReference: {fileID: 0}
    - target: {fileID: 4333038575803528, guid: 9185866dc0127144abec19b225bf37c0, type: 3}
      propertyPath: m_LocalPosition.y
      value: 1.2525368
      objectReference: {fileID: 0}
    - target: {fileID: 4333038575803528, guid: 9185866dc0127144abec19b225bf37c0, type: 3}
      propertyPath: m_LocalPosition.z
      value: -19.930729
      objectReference: {fileID: 0}
    - target: {fileID: 4333038575803528, guid: 9185866dc0127144abec19b225bf37c0, type: 3}
      propertyPath: m_LocalRotation.w
      value: 0.94102997
      objectReference: {fileID: 0}
    - target: {fileID: 4333038575803528, guid: 9185866dc0127144abec19b225bf37c0, type: 3}
      propertyPath: m_LocalRotation.x
      value: -0
      objectReference: {fileID: 0}
    - target: {fileID: 4333038575803528, guid: 9185866dc0127144abec19b225bf37c0, type: 3}
      propertyPath: m_LocalRotation.y
      value: 0.33832335
      objectReference: {fileID: 0}
    - target: {fileID: 4333038575803528, guid: 9185866dc0127144abec19b225bf37c0, type: 3}
      propertyPath: m_LocalRotation.z
      value: -0
      objectReference: {fileID: 0}
    - target: {fileID: 4333038575803528, guid: 9185866dc0127144abec19b225bf37c0, type: 3}
      propertyPath: m_LocalEulerAnglesHint.y
      value: 39.550003
      objectReference: {fileID: 0}
    m_RemovedComponents: []
  m_SourcePrefab: {fileID: 100100000, guid: 9185866dc0127144abec19b225bf37c0, type: 3}
--- !u!4 &6553819614454198148 stripped
Transform:
  m_CorrespondingSourceObject: {fileID: 4333038575803528, guid: 9185866dc0127144abec19b225bf37c0, type: 3}
  m_PrefabInstance: {fileID: 6556322789427278604}
  m_PrefabAsset: {fileID: 0}
--- !u!1001 &6556322789570978268
PrefabInstance:
  m_ObjectHideFlags: 0
  serializedVersion: 2
  m_Modification:
    m_TransformParent: {fileID: 6556322789384768533}
    m_Modifications:
    - target: {fileID: 1986105118506860, guid: 5dc62f3f20909a14abbe9319c9bc9051, type: 3}
      propertyPath: m_Name
      value: SM_Prop_FoodTray_01 (3)
      objectReference: {fileID: 0}
    - target: {fileID: 4625022937655246, guid: 5dc62f3f20909a14abbe9319c9bc9051, type: 3}
      propertyPath: m_RootOrder
      value: 9
      objectReference: {fileID: 0}
    - target: {fileID: 4625022937655246, guid: 5dc62f3f20909a14abbe9319c9bc9051, type: 3}
      propertyPath: m_LocalScale.x
      value: 1
      objectReference: {fileID: 0}
    - target: {fileID: 4625022937655246, guid: 5dc62f3f20909a14abbe9319c9bc9051, type: 3}
      propertyPath: m_LocalScale.z
      value: 1
      objectReference: {fileID: 0}
    - target: {fileID: 4625022937655246, guid: 5dc62f3f20909a14abbe9319c9bc9051, type: 3}
      propertyPath: m_LocalPosition.x
      value: -1.8256261
      objectReference: {fileID: 0}
    - target: {fileID: 4625022937655246, guid: 5dc62f3f20909a14abbe9319c9bc9051, type: 3}
      propertyPath: m_LocalPosition.y
      value: 2.1005368
      objectReference: {fileID: 0}
    - target: {fileID: 4625022937655246, guid: 5dc62f3f20909a14abbe9319c9bc9051, type: 3}
      propertyPath: m_LocalPosition.z
      value: -19.80273
      objectReference: {fileID: 0}
    - target: {fileID: 4625022937655246, guid: 5dc62f3f20909a14abbe9319c9bc9051, type: 3}
      propertyPath: m_LocalRotation.w
      value: -0.64982605
      objectReference: {fileID: 0}
    - target: {fileID: 4625022937655246, guid: 5dc62f3f20909a14abbe9319c9bc9051, type: 3}
      propertyPath: m_LocalRotation.x
      value: -0
      objectReference: {fileID: 0}
    - target: {fileID: 4625022937655246, guid: 5dc62f3f20909a14abbe9319c9bc9051, type: 3}
      propertyPath: m_LocalRotation.y
      value: -0.76008296
      objectReference: {fileID: 0}
    - target: {fileID: 4625022937655246, guid: 5dc62f3f20909a14abbe9319c9bc9051, type: 3}
      propertyPath: m_LocalRotation.z
      value: -0
      objectReference: {fileID: 0}
    - target: {fileID: 4625022937655246, guid: 5dc62f3f20909a14abbe9319c9bc9051, type: 3}
      propertyPath: m_LocalEulerAnglesHint.y
      value: 458.943
      objectReference: {fileID: 0}
    m_RemovedComponents: []
  m_SourcePrefab: {fileID: 100100000, guid: 5dc62f3f20909a14abbe9319c9bc9051, type: 3}
--- !u!4 &6551843245774325266 stripped
Transform:
  m_CorrespondingSourceObject: {fileID: 4625022937655246, guid: 5dc62f3f20909a14abbe9319c9bc9051, type: 3}
  m_PrefabInstance: {fileID: 6556322789570978268}
  m_PrefabAsset: {fileID: 0}
--- !u!1001 &6556322789681475934
PrefabInstance:
  m_ObjectHideFlags: 0
  serializedVersion: 2
  m_Modification:
    m_TransformParent: {fileID: 6556322789384768533}
    m_Modifications:
    - target: {fileID: 1012841150076058, guid: e68836e542ef296488e17adf19becd6b, type: 3}
      propertyPath: m_Name
      value: SM_Prop_SquareTable_01 (2)
      objectReference: {fileID: 0}
    - target: {fileID: 4580351388404930, guid: e68836e542ef296488e17adf19becd6b, type: 3}
      propertyPath: m_RootOrder
      value: 3
      objectReference: {fileID: 0}
    - target: {fileID: 4580351388404930, guid: e68836e542ef296488e17adf19becd6b, type: 3}
      propertyPath: m_LocalScale.x
      value: 1
      objectReference: {fileID: 0}
    - target: {fileID: 4580351388404930, guid: e68836e542ef296488e17adf19becd6b, type: 3}
      propertyPath: m_LocalScale.y
      value: 1
      objectReference: {fileID: 0}
    - target: {fileID: 4580351388404930, guid: e68836e542ef296488e17adf19becd6b, type: 3}
      propertyPath: m_LocalScale.z
      value: 1
      objectReference: {fileID: 0}
    - target: {fileID: 4580351388404930, guid: e68836e542ef296488e17adf19becd6b, type: 3}
      propertyPath: m_LocalPosition.x
      value: -1.3706262
      objectReference: {fileID: 0}
    - target: {fileID: 4580351388404930, guid: e68836e542ef296488e17adf19becd6b, type: 3}
      propertyPath: m_LocalPosition.y
      value: 1.2525368
      objectReference: {fileID: 0}
    - target: {fileID: 4580351388404930, guid: e68836e542ef296488e17adf19becd6b, type: 3}
      propertyPath: m_LocalPosition.z
      value: -19.460732
      objectReference: {fileID: 0}
    - target: {fileID: 4580351388404930, guid: e68836e542ef296488e17adf19becd6b, type: 3}
      propertyPath: m_LocalRotation.w
      value: 1
      objectReference: {fileID: 0}
    - target: {fileID: 4580351388404930, guid: e68836e542ef296488e17adf19becd6b, type: 3}
      propertyPath: m_LocalRotation.x
      value: -0
      objectReference: {fileID: 0}
    - target: {fileID: 4580351388404930, guid: e68836e542ef296488e17adf19becd6b, type: 3}
      propertyPath: m_LocalRotation.y
      value: -0
      objectReference: {fileID: 0}
    - target: {fileID: 4580351388404930, guid: e68836e542ef296488e17adf19becd6b, type: 3}
      propertyPath: m_LocalRotation.z
      value: -0
      objectReference: {fileID: 0}
    m_RemovedComponents: []
  m_SourcePrefab: {fileID: 100100000, guid: e68836e542ef296488e17adf19becd6b, type: 3}
--- !u!4 &6551885444604296604 stripped
Transform:
  m_CorrespondingSourceObject: {fileID: 4580351388404930, guid: e68836e542ef296488e17adf19becd6b, type: 3}
  m_PrefabInstance: {fileID: 6556322789681475934}
  m_PrefabAsset: {fileID: 0}
--- !u!1001 &6556322789963200601
PrefabInstance:
  m_ObjectHideFlags: 0
  serializedVersion: 2
  m_Modification:
    m_TransformParent: {fileID: 6556322789384768533}
    m_Modifications:
    - target: {fileID: 1599619993422580, guid: 4b67e38e406bca642bb53f573a10631f, type: 3}
      propertyPath: m_Name
      value: SM_Prop_FoodPacket_01 (1)
      objectReference: {fileID: 0}
    - target: {fileID: 4943987796233266, guid: 4b67e38e406bca642bb53f573a10631f, type: 3}
      propertyPath: m_RootOrder
      value: 10
      objectReference: {fileID: 0}
    - target: {fileID: 4943987796233266, guid: 4b67e38e406bca642bb53f573a10631f, type: 3}
      propertyPath: m_LocalScale.z
      value: 1
      objectReference: {fileID: 0}
    - target: {fileID: 4943987796233266, guid: 4b67e38e406bca642bb53f573a10631f, type: 3}
      propertyPath: m_LocalPosition.x
      value: -1.8409269
      objectReference: {fileID: 0}
    - target: {fileID: 4943987796233266, guid: 4b67e38e406bca642bb53f573a10631f, type: 3}
      propertyPath: m_LocalPosition.y
      value: 2.1038368
      objectReference: {fileID: 0}
    - target: {fileID: 4943987796233266, guid: 4b67e38e406bca642bb53f573a10631f, type: 3}
      propertyPath: m_LocalPosition.z
      value: -19.89883
      objectReference: {fileID: 0}
    - target: {fileID: 4943987796233266, guid: 4b67e38e406bca642bb53f573a10631f, type: 3}
      propertyPath: m_LocalRotation.w
      value: 0.9960467
      objectReference: {fileID: 0}
    - target: {fileID: 4943987796233266, guid: 4b67e38e406bca642bb53f573a10631f, type: 3}
      propertyPath: m_LocalRotation.x
      value: -0
      objectReference: {fileID: 0}
    - target: {fileID: 4943987796233266, guid: 4b67e38e406bca642bb53f573a10631f, type: 3}
      propertyPath: m_LocalRotation.y
      value: 0.08883099
      objectReference: {fileID: 0}
    - target: {fileID: 4943987796233266, guid: 4b67e38e406bca642bb53f573a10631f, type: 3}
      propertyPath: m_LocalRotation.z
      value: -0
      objectReference: {fileID: 0}
    - target: {fileID: 4943987796233266, guid: 4b67e38e406bca642bb53f573a10631f, type: 3}
      propertyPath: m_LocalEulerAnglesHint.y
      value: 10.193001
      objectReference: {fileID: 0}
    m_RemovedComponents: []
  m_SourcePrefab: {fileID: 100100000, guid: 4b67e38e406bca642bb53f573a10631f, type: 3}
--- !u!4 &6551941758976242795 stripped
Transform:
  m_CorrespondingSourceObject: {fileID: 4943987796233266, guid: 4b67e38e406bca642bb53f573a10631f, type: 3}
  m_PrefabInstance: {fileID: 6556322789963200601}
  m_PrefabAsset: {fileID: 0}
--- !u!1001 &6556322790350154540
PrefabInstance:
  m_ObjectHideFlags: 0
  serializedVersion: 2
  m_Modification:
    m_TransformParent: {fileID: 6556322789384768533}
    m_Modifications:
    - target: {fileID: 1841983883788338, guid: 9185866dc0127144abec19b225bf37c0, type: 3}
      propertyPath: m_Name
      value: SM_Prop_Stool_01 (13)
      objectReference: {fileID: 0}
    - target: {fileID: 4333038575803528, guid: 9185866dc0127144abec19b225bf37c0, type: 3}
      propertyPath: m_RootOrder
      value: 7
      objectReference: {fileID: 0}
    - target: {fileID: 4333038575803528, guid: 9185866dc0127144abec19b225bf37c0, type: 3}
      propertyPath: m_LocalScale.x
      value: 1
      objectReference: {fileID: 0}
    - target: {fileID: 4333038575803528, guid: 9185866dc0127144abec19b225bf37c0, type: 3}
      propertyPath: m_LocalScale.y
      value: 1
      objectReference: {fileID: 0}
    - target: {fileID: 4333038575803528, guid: 9185866dc0127144abec19b225bf37c0, type: 3}
      propertyPath: m_LocalScale.z
      value: 1
      objectReference: {fileID: 0}
    - target: {fileID: 4333038575803528, guid: 9185866dc0127144abec19b225bf37c0, type: 3}
      propertyPath: m_LocalPosition.x
      value: -0.16262627
      objectReference: {fileID: 0}
    - target: {fileID: 4333038575803528, guid: 9185866dc0127144abec19b225bf37c0, type: 3}
      propertyPath: m_LocalPosition.y
      value: 1.2525368
      objectReference: {fileID: 0}
    - target: {fileID: 4333038575803528, guid: 9185866dc0127144abec19b225bf37c0, type: 3}
      propertyPath: m_LocalPosition.z
      value: -19.070732
      objectReference: {fileID: 0}
    - target: {fileID: 4333038575803528, guid: 9185866dc0127144abec19b225bf37c0, type: 3}
      propertyPath: m_LocalRotation.w
      value: 0.97028697
      objectReference: {fileID: 0}
    - target: {fileID: 4333038575803528, guid: 9185866dc0127144abec19b225bf37c0, type: 3}
      propertyPath: m_LocalRotation.x
      value: -0
      objectReference: {fileID: 0}
    - target: {fileID: 4333038575803528, guid: 9185866dc0127144abec19b225bf37c0, type: 3}
      propertyPath: m_LocalRotation.y
      value: 0.24195728
      objectReference: {fileID: 0}
    - target: {fileID: 4333038575803528, guid: 9185866dc0127144abec19b225bf37c0, type: 3}
      propertyPath: m_LocalRotation.z
      value: -0
      objectReference: {fileID: 0}
    - target: {fileID: 4333038575803528, guid: 9185866dc0127144abec19b225bf37c0, type: 3}
      propertyPath: m_LocalEulerAnglesHint.y
      value: 28.004002
      objectReference: {fileID: 0}
    m_RemovedComponents: []
  m_SourcePrefab: {fileID: 100100000, guid: 9185866dc0127144abec19b225bf37c0, type: 3}
--- !u!4 &6553819615343261604 stripped
Transform:
  m_CorrespondingSourceObject: {fileID: 4333038575803528, guid: 9185866dc0127144abec19b225bf37c0, type: 3}
  m_PrefabInstance: {fileID: 6556322790350154540}
  m_PrefabAsset: {fileID: 0}
--- !u!1001 &6556322790517763626
PrefabInstance:
  m_ObjectHideFlags: 0
  serializedVersion: 2
  m_Modification:
    m_TransformParent: {fileID: 6556322789384768533}
    m_Modifications:
    - target: {fileID: 4307041445612860, guid: 9f580672c98045b4ba5ccafca213d402, type: 3}
      propertyPath: m_RootOrder
      value: 4
      objectReference: {fileID: 0}
    - target: {fileID: 4307041445612860, guid: 9f580672c98045b4ba5ccafca213d402, type: 3}
      propertyPath: m_LocalScale.z
      value: 1
      objectReference: {fileID: 0}
    - target: {fileID: 4307041445612860, guid: 9f580672c98045b4ba5ccafca213d402, type: 3}
      propertyPath: m_LocalPosition.x
      value: -0.90832686
      objectReference: {fileID: 0}
    - target: {fileID: 4307041445612860, guid: 9f580672c98045b4ba5ccafca213d402, type: 3}
      propertyPath: m_LocalPosition.y
      value: 2.1105366
      objectReference: {fileID: 0}
    - target: {fileID: 4307041445612860, guid: 9f580672c98045b4ba5ccafca213d402, type: 3}
      propertyPath: m_LocalPosition.z
      value: -19.270031
      objectReference: {fileID: 0}
    - target: {fileID: 4307041445612860, guid: 9f580672c98045b4ba5ccafca213d402, type: 3}
      propertyPath: m_LocalRotation.w
      value: 0.87011486
      objectReference: {fileID: 0}
    - target: {fileID: 4307041445612860, guid: 9f580672c98045b4ba5ccafca213d402, type: 3}
      propertyPath: m_LocalRotation.x
      value: -0
      objectReference: {fileID: 0}
    - target: {fileID: 4307041445612860, guid: 9f580672c98045b4ba5ccafca213d402, type: 3}
      propertyPath: m_LocalRotation.y
      value: 0.492849
      objectReference: {fileID: 0}
    - target: {fileID: 4307041445612860, guid: 9f580672c98045b4ba5ccafca213d402, type: 3}
      propertyPath: m_LocalRotation.z
      value: -0
      objectReference: {fileID: 0}
    - target: {fileID: 4307041445612860, guid: 9f580672c98045b4ba5ccafca213d402, type: 3}
      propertyPath: m_LocalEulerAnglesHint.y
      value: 59.056004
      objectReference: {fileID: 0}
    m_RemovedComponents: []
  m_SourcePrefab: {fileID: 100100000, guid: 9f580672c98045b4ba5ccafca213d402, type: 3}
--- !u!4 &6553847880463803158 stripped
Transform:
  m_CorrespondingSourceObject: {fileID: 4307041445612860, guid: 9f580672c98045b4ba5ccafca213d402, type: 3}
  m_PrefabInstance: {fileID: 6556322790517763626}
  m_PrefabAsset: {fileID: 0}
--- !u!1001 &6556322790630612463
PrefabInstance:
  m_ObjectHideFlags: 0
  serializedVersion: 2
  m_Modification:
    m_TransformParent: {fileID: 6556322789384768533}
    m_Modifications:
    - target: {fileID: 1841983883788338, guid: 9185866dc0127144abec19b225bf37c0, type: 3}
      propertyPath: m_Name
      value: SM_Prop_Stool_01 (21)
      objectReference: {fileID: 0}
    - target: {fileID: 4333038575803528, guid: 9185866dc0127144abec19b225bf37c0, type: 3}
      propertyPath: m_RootOrder
      value: 1
      objectReference: {fileID: 0}
    - target: {fileID: 4333038575803528, guid: 9185866dc0127144abec19b225bf37c0, type: 3}
      propertyPath: m_LocalScale.x
      value: 1
      objectReference: {fileID: 0}
    - target: {fileID: 4333038575803528, guid: 9185866dc0127144abec19b225bf37c0, type: 3}
      propertyPath: m_LocalScale.y
      value: 1
      objectReference: {fileID: 0}
    - target: {fileID: 4333038575803528, guid: 9185866dc0127144abec19b225bf37c0, type: 3}
      propertyPath: m_LocalScale.z
      value: 1
      objectReference: {fileID: 0}
    - target: {fileID: 4333038575803528, guid: 9185866dc0127144abec19b225bf37c0, type: 3}
      propertyPath: m_LocalPosition.x
      value: -2.518627
      objectReference: {fileID: 0}
    - target: {fileID: 4333038575803528, guid: 9185866dc0127144abec19b225bf37c0, type: 3}
      propertyPath: m_LocalPosition.y
      value: 1.2525368
      objectReference: {fileID: 0}
    - target: {fileID: 4333038575803528, guid: 9185866dc0127144abec19b225bf37c0, type: 3}
      propertyPath: m_LocalPosition.z
      value: -19.930729
      objectReference: {fileID: 0}
    - target: {fileID: 4333038575803528, guid: 9185866dc0127144abec19b225bf37c0, type: 3}
      propertyPath: m_LocalRotation.w
      value: 0.97028697
      objectReference: {fileID: 0}
    - target: {fileID: 4333038575803528, guid: 9185866dc0127144abec19b225bf37c0, type: 3}
      propertyPath: m_LocalRotation.x
      value: -0
      objectReference: {fileID: 0}
    - target: {fileID: 4333038575803528, guid: 9185866dc0127144abec19b225bf37c0, type: 3}
      propertyPath: m_LocalRotation.y
      value: 0.24195728
      objectReference: {fileID: 0}
    - target: {fileID: 4333038575803528, guid: 9185866dc0127144abec19b225bf37c0, type: 3}
      propertyPath: m_LocalRotation.z
      value: -0
      objectReference: {fileID: 0}
    - target: {fileID: 4333038575803528, guid: 9185866dc0127144abec19b225bf37c0, type: 3}
      propertyPath: m_LocalEulerAnglesHint.y
      value: 28.004002
      objectReference: {fileID: 0}
    m_RemovedComponents: []
  m_SourcePrefab: {fileID: 100100000, guid: 9185866dc0127144abec19b225bf37c0, type: 3}
--- !u!4 &6553819615389942119 stripped
Transform:
  m_CorrespondingSourceObject: {fileID: 4333038575803528, guid: 9185866dc0127144abec19b225bf37c0, type: 3}
  m_PrefabInstance: {fileID: 6556322790630612463}
  m_PrefabAsset: {fileID: 0}
--- !u!1001 &6556322791012426940
PrefabInstance:
  m_ObjectHideFlags: 0
  serializedVersion: 2
  m_Modification:
    m_TransformParent: {fileID: 6556322789384768533}
    m_Modifications:
    - target: {fileID: 4931972518995806, guid: bafed697fa0e8964d86d0bc0f22ccf16, type: 3}
      propertyPath: m_RootOrder
      value: 8
      objectReference: {fileID: 0}
    - target: {fileID: 4931972518995806, guid: bafed697fa0e8964d86d0bc0f22ccf16, type: 3}
      propertyPath: m_LocalScale.y
      value: 1
      objectReference: {fileID: 0}
    - target: {fileID: 4931972518995806, guid: bafed697fa0e8964d86d0bc0f22ccf16, type: 3}
      propertyPath: m_LocalPosition.x
      value: -1.8036275
      objectReference: {fileID: 0}
    - target: {fileID: 4931972518995806, guid: bafed697fa0e8964d86d0bc0f22ccf16, type: 3}
      propertyPath: m_LocalPosition.y
      value: 2.1005368
      objectReference: {fileID: 0}
    - target: {fileID: 4931972518995806, guid: bafed697fa0e8964d86d0bc0f22ccf16, type: 3}
      propertyPath: m_LocalPosition.z
      value: -18.99673
      objectReference: {fileID: 0}
    - target: {fileID: 4931972518995806, guid: bafed697fa0e8964d86d0bc0f22ccf16, type: 3}
      propertyPath: m_LocalRotation.w
      value: 0.99927706
      objectReference: {fileID: 0}
    - target: {fileID: 4931972518995806, guid: bafed697fa0e8964d86d0bc0f22ccf16, type: 3}
      propertyPath: m_LocalRotation.x
      value: 0.00055166596
      objectReference: {fileID: 0}
    - target: {fileID: 4931972518995806, guid: bafed697fa0e8964d86d0bc0f22ccf16, type: 3}
      propertyPath: m_LocalRotation.y
      value: -0.034511007
      objectReference: {fileID: 0}
    - target: {fileID: 4931972518995806, guid: bafed697fa0e8964d86d0bc0f22ccf16, type: 3}
      propertyPath: m_LocalRotation.z
      value: -0.015941344
      objectReference: {fileID: 0}
    - target: {fileID: 4931972518995806, guid: bafed697fa0e8964d86d0bc0f22ccf16, type: 3}
      propertyPath: m_LocalEulerAnglesHint.y
      value: -3.956
      objectReference: {fileID: 0}
    - target: {fileID: 4931972518995806, guid: bafed697fa0e8964d86d0bc0f22ccf16, type: 3}
      propertyPath: m_LocalEulerAnglesHint.z
      value: -1.8280001
      objectReference: {fileID: 0}
    m_RemovedComponents: []
  m_SourcePrefab: {fileID: 100100000, guid: bafed697fa0e8964d86d0bc0f22ccf16, type: 3}
--- !u!4 &6551956036727505890 stripped
Transform:
  m_CorrespondingSourceObject: {fileID: 4931972518995806, guid: bafed697fa0e8964d86d0bc0f22ccf16, type: 3}
  m_PrefabInstance: {fileID: 6556322791012426940}
  m_PrefabAsset: {fileID: 0}
--- !u!1001 &6556322791094893493
PrefabInstance:
  m_ObjectHideFlags: 0
  serializedVersion: 2
  m_Modification:
    m_TransformParent: {fileID: 6556322789384768533}
    m_Modifications:
    - target: {fileID: 1841983883788338, guid: 9185866dc0127144abec19b225bf37c0, type: 3}
      propertyPath: m_Name
      value: SM_Prop_Stool_01 (22)
      objectReference: {fileID: 0}
    - target: {fileID: 4333038575803528, guid: 9185866dc0127144abec19b225bf37c0, type: 3}
      propertyPath: m_RootOrder
      value: 5
      objectReference: {fileID: 0}
    - target: {fileID: 4333038575803528, guid: 9185866dc0127144abec19b225bf37c0, type: 3}
      propertyPath: m_LocalScale.x
      value: 1
      objectReference: {fileID: 0}
    - target: {fileID: 4333038575803528, guid: 9185866dc0127144abec19b225bf37c0, type: 3}
      propertyPath: m_LocalScale.y
      value: 1
      objectReference: {fileID: 0}
    - target: {fileID: 4333038575803528, guid: 9185866dc0127144abec19b225bf37c0, type: 3}
      propertyPath: m_LocalScale.z
      value: 1
      objectReference: {fileID: 0}
    - target: {fileID: 4333038575803528, guid: 9185866dc0127144abec19b225bf37c0, type: 3}
      propertyPath: m_LocalPosition.x
      value: -2.5086267
      objectReference: {fileID: 0}
    - target: {fileID: 4333038575803528, guid: 9185866dc0127144abec19b225bf37c0, type: 3}
      propertyPath: m_LocalPosition.y
      value: 1.2525368
      objectReference: {fileID: 0}
    - target: {fileID: 4333038575803528, guid: 9185866dc0127144abec19b225bf37c0, type: 3}
      propertyPath: m_LocalPosition.z
      value: -19.070732
      objectReference: {fileID: 0}
    - target: {fileID: 4333038575803528, guid: 9185866dc0127144abec19b225bf37c0, type: 3}
      propertyPath: m_LocalRotation.w
      value: 0.9986766
      objectReference: {fileID: 0}
    - target: {fileID: 4333038575803528, guid: 9185866dc0127144abec19b225bf37c0, type: 3}
      propertyPath: m_LocalRotation.x
      value: -0
      objectReference: {fileID: 0}
    - target: {fileID: 4333038575803528, guid: 9185866dc0127144abec19b225bf37c0, type: 3}
      propertyPath: m_LocalRotation.y
      value: -0.0514305
      objectReference: {fileID: 0}
    - target: {fileID: 4333038575803528, guid: 9185866dc0127144abec19b225bf37c0, type: 3}
      propertyPath: m_LocalRotation.z
      value: -0
      objectReference: {fileID: 0}
    - target: {fileID: 4333038575803528, guid: 9185866dc0127144abec19b225bf37c0, type: 3}
      propertyPath: m_LocalEulerAnglesHint.y
      value: -5.8960004
      objectReference: {fileID: 0}
    m_RemovedComponents: []
  m_SourcePrefab: {fileID: 100100000, guid: 9185866dc0127144abec19b225bf37c0, type: 3}
--- !u!4 &6553819615050983229 stripped
Transform:
  m_CorrespondingSourceObject: {fileID: 4333038575803528, guid: 9185866dc0127144abec19b225bf37c0, type: 3}
  m_PrefabInstance: {fileID: 6556322791094893493}
  m_PrefabAsset: {fileID: 0}
--- !u!1001 &6556322791291459665
PrefabInstance:
  m_ObjectHideFlags: 0
  serializedVersion: 2
  m_Modification:
    m_TransformParent: {fileID: 6556322789384768533}
    m_Modifications:
    - target: {fileID: 1420117981881934, guid: 5c70f756d815e8b44805bfbaff4a8213, type: 3}
      propertyPath: m_Name
      value: SM_Prop_FoodTray_03 (2)
      objectReference: {fileID: 0}
    - target: {fileID: 4151133688507850, guid: 5c70f756d815e8b44805bfbaff4a8213, type: 3}
      propertyPath: m_RootOrder
      value: 6
      objectReference: {fileID: 0}
    - target: {fileID: 4151133688507850, guid: 5c70f756d815e8b44805bfbaff4a8213, type: 3}
      propertyPath: m_LocalScale.x
      value: 1
      objectReference: {fileID: 0}
    - target: {fileID: 4151133688507850, guid: 5c70f756d815e8b44805bfbaff4a8213, type: 3}
      propertyPath: m_LocalScale.z
      value: 1
      objectReference: {fileID: 0}
    - target: {fileID: 4151133688507850, guid: 5c70f756d815e8b44805bfbaff4a8213, type: 3}
      propertyPath: m_LocalPosition.x
      value: -0.93562675
      objectReference: {fileID: 0}
    - target: {fileID: 4151133688507850, guid: 5c70f756d815e8b44805bfbaff4a8213, type: 3}
      propertyPath: m_LocalPosition.y
      value: 2.1005368
      objectReference: {fileID: 0}
    - target: {fileID: 4151133688507850, guid: 5c70f756d815e8b44805bfbaff4a8213, type: 3}
      propertyPath: m_LocalPosition.z
      value: -19.325733
      objectReference: {fileID: 0}
    - target: {fileID: 4151133688507850, guid: 5c70f756d815e8b44805bfbaff4a8213, type: 3}
      propertyPath: m_LocalRotation.w
      value: -0.7855344
      objectReference: {fileID: 0}
    - target: {fileID: 4151133688507850, guid: 5c70f756d815e8b44805bfbaff4a8213, type: 3}
      propertyPath: m_LocalRotation.x
      value: -0
      objectReference: {fileID: 0}
    - target: {fileID: 4151133688507850, guid: 5c70f756d815e8b44805bfbaff4a8213, type: 3}
      propertyPath: m_LocalRotation.y
      value: 0.6188181
      objectReference: {fileID: 0}
    - target: {fileID: 4151133688507850, guid: 5c70f756d815e8b44805bfbaff4a8213, type: 3}
      propertyPath: m_LocalRotation.z
      value: -0
      objectReference: {fileID: 0}
    - target: {fileID: 4151133688507850, guid: 5c70f756d815e8b44805bfbaff4a8213, type: 3}
      propertyPath: m_LocalEulerAnglesHint.y
      value: 283.53998
      objectReference: {fileID: 0}
    m_RemovedComponents: []
  m_SourcePrefab: {fileID: 100100000, guid: 5c70f756d815e8b44805bfbaff4a8213, type: 3}
--- !u!4 &6553304498185614747 stripped
Transform:
  m_CorrespondingSourceObject: {fileID: 4151133688507850, guid: 5c70f756d815e8b44805bfbaff4a8213, type: 3}
  m_PrefabInstance: {fileID: 6556322791291459665}
  m_PrefabAsset: {fileID: 0}
