%YAML 1.1
%TAG !u! tag:unity3d.com,2011:
--- !u!1 &514552433703181822
GameObject:
  m_ObjectHideFlags: 0
  m_CorrespondingSourceObject: {fileID: 0}
  m_PrefabInstance: {fileID: 0}
  m_PrefabAsset: {fileID: 0}
  serializedVersion: 6
  m_Component:
  - component: {fileID: 514552433703181809}
  m_Layer: 0
  m_Name: Hallway4x3
  m_TagString: Untagged
  m_Icon: {fileID: 0}
  m_NavMeshLayer: 0
  m_StaticEditorFlags: 0
  m_IsActive: 1
--- !u!4 &514552433703181809
Transform:
  m_ObjectHideFlags: 0
  m_CorrespondingSourceObject: {fileID: 0}
  m_PrefabInstance: {fileID: 0}
  m_PrefabAsset: {fileID: 0}
  m_GameObject: {fileID: 514552433703181822}
  m_LocalRotation: {x: 0, y: 0, z: 0, w: 1}
  m_LocalPosition: {x: -65.58, y: 0, z: 56.3}
  m_LocalScale: {x: 1, y: 1, z: 1}
  m_Children:
  - {fileID: 514552433946258001}
  - {fileID: 514552433953717724}
  - {fileID: 514552434014303428}
  m_Father: {fileID: 0}
  m_RootOrder: 0
  m_LocalEulerAnglesHint: {x: 0, y: 0, z: 0}
--- !u!1 &514552433946258014
GameObject:
  m_ObjectHideFlags: 0
  m_CorrespondingSourceObject: {fileID: 0}
  m_PrefabInstance: {fileID: 0}
  m_PrefabAsset: {fileID: 0}
  serializedVersion: 6
  m_Component:
  - component: {fileID: 514552433946258001}
  m_Layer: 0
  m_Name: Floors
  m_TagString: Untagged
  m_Icon: {fileID: 0}
  m_NavMeshLayer: 0
  m_StaticEditorFlags: 0
  m_IsActive: 1
--- !u!4 &514552433946258001
Transform:
  m_ObjectHideFlags: 0
  m_CorrespondingSourceObject: {fileID: 0}
  m_PrefabInstance: {fileID: 0}
  m_PrefabAsset: {fileID: 0}
  m_GameObject: {fileID: 514552433946258014}
  m_LocalRotation: {x: 0, y: 0, z: 0, w: 1}
  m_LocalPosition: {x: 0, y: 0, z: 0}
  m_LocalScale: {x: 1, y: 1, z: 1}
  m_Children:
  - {fileID: 516335693195567996}
  - {fileID: 516335693032859942}
  - {fileID: 516335692834728184}
  - {fileID: 516335694031192691}
  - {fileID: 516335692049045545}
  - {fileID: 516335693570660576}
  - {fileID: 516335693453959728}
  - {fileID: 516335693810088665}
  - {fileID: 516335693123000664}
  - {fileID: 516335692156282872}
  - {fileID: 516335692520054746}
  - {fileID: 516335693595228876}
  m_Father: {fileID: 514552433703181809}
  m_RootOrder: 0
  m_LocalEulerAnglesHint: {x: 0, y: 0, z: 0}
--- !u!1 &514552433953717725
GameObject:
  m_ObjectHideFlags: 0
  m_CorrespondingSourceObject: {fileID: 0}
  m_PrefabInstance: {fileID: 0}
  m_PrefabAsset: {fileID: 0}
  serializedVersion: 6
  m_Component:
  - component: {fileID: 514552433953717724}
  m_Layer: 0
  m_Name: Walls
  m_TagString: Untagged
  m_Icon: {fileID: 0}
  m_NavMeshLayer: 0
  m_StaticEditorFlags: 0
  m_IsActive: 1
--- !u!4 &514552433953717724
Transform:
  m_ObjectHideFlags: 0
  m_CorrespondingSourceObject: {fileID: 0}
  m_PrefabInstance: {fileID: 0}
  m_PrefabAsset: {fileID: 0}
  m_GameObject: {fileID: 514552433953717725}
  m_LocalRotation: {x: -0, y: -0, z: -0, w: 1}
  m_LocalPosition: {x: 0, y: 0, z: 0}
  m_LocalScale: {x: 1, y: 1, z: 1}
  m_Children:
  - {fileID: 519284354946080966}
  - {fileID: 519284355757848568}
  - {fileID: 519284355307072190}
  - {fileID: 519284354721566809}
  - {fileID: 519284355935069667}
  - {fileID: 519284354831431310}
  - {fileID: 519284355283569083}
  - {fileID: 519284356281320758}
  m_Father: {fileID: 514552433703181809}
  m_RootOrder: 1
  m_LocalEulerAnglesHint: {x: 0, y: 0, z: 0}
--- !u!1 &514552434014303429
GameObject:
  m_ObjectHideFlags: 0
  m_CorrespondingSourceObject: {fileID: 0}
  m_PrefabInstance: {fileID: 0}
  m_PrefabAsset: {fileID: 0}
  serializedVersion: 6
  m_Component:
  - component: {fileID: 514552434014303428}
  m_Layer: 0
  m_Name: Corners
  m_TagString: Untagged
  m_Icon: {fileID: 0}
  m_NavMeshLayer: 0
  m_StaticEditorFlags: 0
  m_IsActive: 1
--- !u!4 &514552434014303428
Transform:
  m_ObjectHideFlags: 0
  m_CorrespondingSourceObject: {fileID: 0}
  m_PrefabInstance: {fileID: 0}
  m_PrefabAsset: {fileID: 0}
  m_GameObject: {fileID: 514552434014303429}
  m_LocalRotation: {x: -0, y: -0, z: -0, w: 1}
  m_LocalPosition: {x: 0, y: 0, z: 0}
  m_LocalScale: {x: 1, y: 1, z: 1}
  m_Children: []
  m_Father: {fileID: 514552433703181809}
  m_RootOrder: 2
  m_LocalEulerAnglesHint: {x: 0, y: 0, z: 0}
--- !u!1001 &514552432307769153
PrefabInstance:
  m_ObjectHideFlags: 0
  serializedVersion: 2
  m_Modification:
    m_TransformParent: {fileID: 514552433953717724}
    m_Modifications:
    - target: {fileID: 1089632392375526, guid: c422904f3f961e94aac7030a6343c157, type: 3}
      propertyPath: m_Name
      value: SM_Bld_Wall_01_Alt (17)
      objectReference: {fileID: 0}
    - target: {fileID: 4733297365927674, guid: c422904f3f961e94aac7030a6343c157, type: 3}
      propertyPath: m_RootOrder
      value: 6
      objectReference: {fileID: 0}
    - target: {fileID: 4733297365927674, guid: c422904f3f961e94aac7030a6343c157, type: 3}
      propertyPath: m_LocalPosition.x
      value: 0.0000019073486
      objectReference: {fileID: 0}
    - target: {fileID: 4733297365927674, guid: c422904f3f961e94aac7030a6343c157, type: 3}
      propertyPath: m_LocalPosition.y
      value: 0
      objectReference: {fileID: 0}
    - target: {fileID: 4733297365927674, guid: c422904f3f961e94aac7030a6343c157, type: 3}
      propertyPath: m_LocalPosition.z
      value: 4.9999847
      objectReference: {fileID: 0}
    - target: {fileID: 4733297365927674, guid: c422904f3f961e94aac7030a6343c157, type: 3}
      propertyPath: m_LocalRotation.w
      value: 0.7071068
      objectReference: {fileID: 0}
    - target: {fileID: 4733297365927674, guid: c422904f3f961e94aac7030a6343c157, type: 3}
      propertyPath: m_LocalRotation.x
      value: -0
      objectReference: {fileID: 0}
    - target: {fileID: 4733297365927674, guid: c422904f3f961e94aac7030a6343c157, type: 3}
      propertyPath: m_LocalRotation.y
      value: 0.7071068
      objectReference: {fileID: 0}
    - target: {fileID: 4733297365927674, guid: c422904f3f961e94aac7030a6343c157, type: 3}
      propertyPath: m_LocalRotation.z
      value: -0
      objectReference: {fileID: 0}
    - target: {fileID: 4733297365927674, guid: c422904f3f961e94aac7030a6343c157, type: 3}
      propertyPath: m_LocalEulerAnglesHint.x
      value: 0
      objectReference: {fileID: 0}
    - target: {fileID: 4733297365927674, guid: c422904f3f961e94aac7030a6343c157, type: 3}
      propertyPath: m_LocalEulerAnglesHint.y
      value: 90
      objectReference: {fileID: 0}
    - target: {fileID: 4733297365927674, guid: c422904f3f961e94aac7030a6343c157, type: 3}
      propertyPath: m_LocalEulerAnglesHint.z
      value: 0
      objectReference: {fileID: 0}
    m_RemovedComponents: []
  m_SourcePrefab: {fileID: 100100000, guid: c422904f3f961e94aac7030a6343c157, type: 3}
--- !u!4 &519284355283569083 stripped
Transform:
  m_CorrespondingSourceObject: {fileID: 4733297365927674, guid: c422904f3f961e94aac7030a6343c157, type: 3}
  m_PrefabInstance: {fileID: 514552432307769153}
  m_PrefabAsset: {fileID: 0}
--- !u!1001 &514552432330681412
PrefabInstance:
  m_ObjectHideFlags: 0
  serializedVersion: 2
  m_Modification:
    m_TransformParent: {fileID: 514552433953717724}
    m_Modifications:
    - target: {fileID: 1089632392375526, guid: c422904f3f961e94aac7030a6343c157, type: 3}
      propertyPath: m_Name
      value: SM_Bld_Wall_01_Alt (5)
      objectReference: {fileID: 0}
    - target: {fileID: 4733297365927674, guid: c422904f3f961e94aac7030a6343c157, type: 3}
      propertyPath: m_RootOrder
      value: 2
      objectReference: {fileID: 0}
    - target: {fileID: 4733297365927674, guid: c422904f3f961e94aac7030a6343c157, type: 3}
      propertyPath: m_LocalPosition.x
      value: 15
      objectReference: {fileID: 0}
    - target: {fileID: 4733297365927674, guid: c422904f3f961e94aac7030a6343c157, type: 3}
      propertyPath: m_LocalPosition.y
      value: 0
      objectReference: {fileID: 0}
    - target: {fileID: 4733297365927674, guid: c422904f3f961e94aac7030a6343c157, type: 3}
      propertyPath: m_LocalPosition.z
      value: 0.000005722046
      objectReference: {fileID: 0}
    - target: {fileID: 4733297365927674, guid: c422904f3f961e94aac7030a6343c157, type: 3}
      propertyPath: m_LocalRotation.w
      value: 0.7071068
      objectReference: {fileID: 0}
    - target: {fileID: 4733297365927674, guid: c422904f3f961e94aac7030a6343c157, type: 3}
      propertyPath: m_LocalRotation.x
      value: -0
      objectReference: {fileID: 0}
    - target: {fileID: 4733297365927674, guid: c422904f3f961e94aac7030a6343c157, type: 3}
      propertyPath: m_LocalRotation.y
      value: -0.7071068
      objectReference: {fileID: 0}
    - target: {fileID: 4733297365927674, guid: c422904f3f961e94aac7030a6343c157, type: 3}
      propertyPath: m_LocalRotation.z
      value: -0
      objectReference: {fileID: 0}
    - target: {fileID: 4733297365927674, guid: c422904f3f961e94aac7030a6343c157, type: 3}
      propertyPath: m_LocalEulerAnglesHint.x
      value: 0
      objectReference: {fileID: 0}
    - target: {fileID: 4733297365927674, guid: c422904f3f961e94aac7030a6343c157, type: 3}
      propertyPath: m_LocalEulerAnglesHint.y
      value: -90
      objectReference: {fileID: 0}
    - target: {fileID: 4733297365927674, guid: c422904f3f961e94aac7030a6343c157, type: 3}
      propertyPath: m_LocalEulerAnglesHint.z
      value: 0
      objectReference: {fileID: 0}
    m_RemovedComponents: []
  m_SourcePrefab: {fileID: 100100000, guid: c422904f3f961e94aac7030a6343c157, type: 3}
--- !u!4 &519284355307072190 stripped
Transform:
  m_CorrespondingSourceObject: {fileID: 4733297365927674, guid: c422904f3f961e94aac7030a6343c157, type: 3}
  m_PrefabInstance: {fileID: 514552432330681412}
  m_PrefabAsset: {fileID: 0}
--- !u!1001 &514552432614177992
PrefabInstance:
  m_ObjectHideFlags: 0
  serializedVersion: 2
  m_Modification:
    m_TransformParent: {fileID: 514552433946258001}
    m_Modifications:
    - target: {fileID: 1525326058169648, guid: 14eab3179517a954c87faf31cd4331f8, type: 3}
      propertyPath: m_Name
      value: SM_Bld_Floor_07 (10)
      objectReference: {fileID: 0}
    - target: {fileID: 4057359497517872, guid: 14eab3179517a954c87faf31cd4331f8, type: 3}
      propertyPath: m_RootOrder
      value: 9
      objectReference: {fileID: 0}
    - target: {fileID: 4057359497517872, guid: 14eab3179517a954c87faf31cd4331f8, type: 3}
      propertyPath: m_LocalPosition.x
      value: 5.000002
      objectReference: {fileID: 0}
    - target: {fileID: 4057359497517872, guid: 14eab3179517a954c87faf31cd4331f8, type: 3}
      propertyPath: m_LocalPosition.y
      value: 0
      objectReference: {fileID: 0}
    - target: {fileID: 4057359497517872, guid: 14eab3179517a954c87faf31cd4331f8, type: 3}
      propertyPath: m_LocalPosition.z
      value: -0.000015258789
      objectReference: {fileID: 0}
    - target: {fileID: 4057359497517872, guid: 14eab3179517a954c87faf31cd4331f8, type: 3}
      propertyPath: m_LocalRotation.w
      value: 1
      objectReference: {fileID: 0}
    - target: {fileID: 4057359497517872, guid: 14eab3179517a954c87faf31cd4331f8, type: 3}
      propertyPath: m_LocalRotation.x
      value: -0
      objectReference: {fileID: 0}
    - target: {fileID: 4057359497517872, guid: 14eab3179517a954c87faf31cd4331f8, type: 3}
      propertyPath: m_LocalRotation.y
      value: -0
      objectReference: {fileID: 0}
    - target: {fileID: 4057359497517872, guid: 14eab3179517a954c87faf31cd4331f8, type: 3}
      propertyPath: m_LocalRotation.z
      value: -0
      objectReference: {fileID: 0}
    - target: {fileID: 4057359497517872, guid: 14eab3179517a954c87faf31cd4331f8, type: 3}
      propertyPath: m_LocalEulerAnglesHint.x
      value: 0
      objectReference: {fileID: 0}
    - target: {fileID: 4057359497517872, guid: 14eab3179517a954c87faf31cd4331f8, type: 3}
      propertyPath: m_LocalEulerAnglesHint.y
      value: 0
      objectReference: {fileID: 0}
    - target: {fileID: 4057359497517872, guid: 14eab3179517a954c87faf31cd4331f8, type: 3}
      propertyPath: m_LocalEulerAnglesHint.z
      value: 0
      objectReference: {fileID: 0}
    m_RemovedComponents: []
  m_SourcePrefab: {fileID: 100100000, guid: 14eab3179517a954c87faf31cd4331f8, type: 3}
--- !u!4 &516335692156282872 stripped
Transform:
  m_CorrespondingSourceObject: {fileID: 4057359497517872, guid: 14eab3179517a954c87faf31cd4331f8, type: 3}
  m_PrefabInstance: {fileID: 514552432614177992}
  m_PrefabAsset: {fileID: 0}
--- !u!1001 &514552432725000985
PrefabInstance:
  m_ObjectHideFlags: 0
  serializedVersion: 2
  m_Modification:
    m_TransformParent: {fileID: 514552433946258001}
    m_Modifications:
    - target: {fileID: 1525326058169648, guid: 14eab3179517a954c87faf31cd4331f8, type: 3}
      propertyPath: m_Name
      value: SM_Bld_Floor_07 (12)
      objectReference: {fileID: 0}
    - target: {fileID: 4057359497517872, guid: 14eab3179517a954c87faf31cd4331f8, type: 3}
      propertyPath: m_RootOrder
      value: 4
      objectReference: {fileID: 0}
    - target: {fileID: 4057359497517872, guid: 14eab3179517a954c87faf31cd4331f8, type: 3}
      propertyPath: m_LocalPosition.x
      value: 15
      objectReference: {fileID: 0}
    - target: {fileID: 4057359497517872, guid: 14eab3179517a954c87faf31cd4331f8, type: 3}
      propertyPath: m_LocalPosition.y
      value: 0
      objectReference: {fileID: 0}
    - target: {fileID: 4057359497517872, guid: 14eab3179517a954c87faf31cd4331f8, type: 3}
      propertyPath: m_LocalPosition.z
      value: 0.000005722046
      objectReference: {fileID: 0}
    - target: {fileID: 4057359497517872, guid: 14eab3179517a954c87faf31cd4331f8, type: 3}
      propertyPath: m_LocalRotation.w
      value: 1
      objectReference: {fileID: 0}
    - target: {fileID: 4057359497517872, guid: 14eab3179517a954c87faf31cd4331f8, type: 3}
      propertyPath: m_LocalRotation.x
      value: -0
      objectReference: {fileID: 0}
    - target: {fileID: 4057359497517872, guid: 14eab3179517a954c87faf31cd4331f8, type: 3}
      propertyPath: m_LocalRotation.y
      value: -0
      objectReference: {fileID: 0}
    - target: {fileID: 4057359497517872, guid: 14eab3179517a954c87faf31cd4331f8, type: 3}
      propertyPath: m_LocalRotation.z
      value: -0
      objectReference: {fileID: 0}
    - target: {fileID: 4057359497517872, guid: 14eab3179517a954c87faf31cd4331f8, type: 3}
      propertyPath: m_LocalEulerAnglesHint.x
      value: 0
      objectReference: {fileID: 0}
    - target: {fileID: 4057359497517872, guid: 14eab3179517a954c87faf31cd4331f8, type: 3}
      propertyPath: m_LocalEulerAnglesHint.y
      value: 0
      objectReference: {fileID: 0}
    - target: {fileID: 4057359497517872, guid: 14eab3179517a954c87faf31cd4331f8, type: 3}
      propertyPath: m_LocalEulerAnglesHint.z
      value: 0
      objectReference: {fileID: 0}
    m_RemovedComponents: []
  m_SourcePrefab: {fileID: 100100000, guid: 14eab3179517a954c87faf31cd4331f8, type: 3}
--- !u!4 &516335692049045545 stripped
Transform:
  m_CorrespondingSourceObject: {fileID: 4057359497517872, guid: 14eab3179517a954c87faf31cd4331f8, type: 3}
  m_PrefabInstance: {fileID: 514552432725000985}
  m_PrefabAsset: {fileID: 0}
--- !u!1001 &514552432819443363
PrefabInstance:
  m_ObjectHideFlags: 0
  serializedVersion: 2
  m_Modification:
    m_TransformParent: {fileID: 514552433953717724}
    m_Modifications:
    - target: {fileID: 1089632392375526, guid: c422904f3f961e94aac7030a6343c157, type: 3}
      propertyPath: m_Name
      value: SM_Bld_Wall_01_Alt (6)
      objectReference: {fileID: 0}
    - target: {fileID: 4733297365927674, guid: c422904f3f961e94aac7030a6343c157, type: 3}
      propertyPath: m_RootOrder
      value: 3
      objectReference: {fileID: 0}
    - target: {fileID: 4733297365927674, guid: c422904f3f961e94aac7030a6343c157, type: 3}
      propertyPath: m_LocalPosition.x
      value: 15
      objectReference: {fileID: 0}
    - target: {fileID: 4733297365927674, guid: c422904f3f961e94aac7030a6343c157, type: 3}
      propertyPath: m_LocalPosition.y
      value: 0
      objectReference: {fileID: 0}
    - target: {fileID: 4733297365927674, guid: c422904f3f961e94aac7030a6343c157, type: 3}
      propertyPath: m_LocalPosition.z
      value: 15.000002
      objectReference: {fileID: 0}
    - target: {fileID: 4733297365927674, guid: c422904f3f961e94aac7030a6343c157, type: 3}
      propertyPath: m_LocalRotation.w
      value: 0.7071068
      objectReference: {fileID: 0}
    - target: {fileID: 4733297365927674, guid: c422904f3f961e94aac7030a6343c157, type: 3}
      propertyPath: m_LocalRotation.x
      value: -0
      objectReference: {fileID: 0}
    - target: {fileID: 4733297365927674, guid: c422904f3f961e94aac7030a6343c157, type: 3}
      propertyPath: m_LocalRotation.y
      value: -0.7071068
      objectReference: {fileID: 0}
    - target: {fileID: 4733297365927674, guid: c422904f3f961e94aac7030a6343c157, type: 3}
      propertyPath: m_LocalRotation.z
      value: -0
      objectReference: {fileID: 0}
    - target: {fileID: 4733297365927674, guid: c422904f3f961e94aac7030a6343c157, type: 3}
      propertyPath: m_LocalEulerAnglesHint.x
      value: 0
      objectReference: {fileID: 0}
    - target: {fileID: 4733297365927674, guid: c422904f3f961e94aac7030a6343c157, type: 3}
      propertyPath: m_LocalEulerAnglesHint.y
      value: -90
      objectReference: {fileID: 0}
    - target: {fileID: 4733297365927674, guid: c422904f3f961e94aac7030a6343c157, type: 3}
      propertyPath: m_LocalEulerAnglesHint.z
      value: 0
      objectReference: {fileID: 0}
    m_RemovedComponents: []
  m_SourcePrefab: {fileID: 100100000, guid: c422904f3f961e94aac7030a6343c157, type: 3}
--- !u!4 &519284354721566809 stripped
Transform:
  m_CorrespondingSourceObject: {fileID: 4733297365927674, guid: c422904f3f961e94aac7030a6343c157, type: 3}
  m_PrefabInstance: {fileID: 514552432819443363}
  m_PrefabAsset: {fileID: 0}
--- !u!1001 &514552433009472456
PrefabInstance:
  m_ObjectHideFlags: 0
  serializedVersion: 2
  m_Modification:
    m_TransformParent: {fileID: 514552433946258001}
    m_Modifications:
    - target: {fileID: 1525326058169648, guid: 14eab3179517a954c87faf31cd4331f8, type: 3}
      propertyPath: m_Name
      value: SM_Bld_Floor_07 (5)
      objectReference: {fileID: 0}
    - target: {fileID: 4057359497517872, guid: 14eab3179517a954c87faf31cd4331f8, type: 3}
      propertyPath: m_RootOrder
      value: 2
      objectReference: {fileID: 0}
    - target: {fileID: 4057359497517872, guid: 14eab3179517a954c87faf31cd4331f8, type: 3}
      propertyPath: m_LocalPosition.x
      value: 10
      objectReference: {fileID: 0}
    - target: {fileID: 4057359497517872, guid: 14eab3179517a954c87faf31cd4331f8, type: 3}
      propertyPath: m_LocalPosition.y
      value: 0
      objectReference: {fileID: 0}
    - target: {fileID: 4057359497517872, guid: 14eab3179517a954c87faf31cd4331f8, type: 3}
      propertyPath: m_LocalPosition.z
      value: 5
      objectReference: {fileID: 0}
    - target: {fileID: 4057359497517872, guid: 14eab3179517a954c87faf31cd4331f8, type: 3}
      propertyPath: m_LocalRotation.w
      value: 1
      objectReference: {fileID: 0}
    - target: {fileID: 4057359497517872, guid: 14eab3179517a954c87faf31cd4331f8, type: 3}
      propertyPath: m_LocalRotation.x
      value: -0
      objectReference: {fileID: 0}
    - target: {fileID: 4057359497517872, guid: 14eab3179517a954c87faf31cd4331f8, type: 3}
      propertyPath: m_LocalRotation.y
      value: -0
      objectReference: {fileID: 0}
    - target: {fileID: 4057359497517872, guid: 14eab3179517a954c87faf31cd4331f8, type: 3}
      propertyPath: m_LocalRotation.z
      value: -0
      objectReference: {fileID: 0}
    - target: {fileID: 4057359497517872, guid: 14eab3179517a954c87faf31cd4331f8, type: 3}
      propertyPath: m_LocalEulerAnglesHint.x
      value: 0
      objectReference: {fileID: 0}
    - target: {fileID: 4057359497517872, guid: 14eab3179517a954c87faf31cd4331f8, type: 3}
      propertyPath: m_LocalEulerAnglesHint.y
      value: 0
      objectReference: {fileID: 0}
    - target: {fileID: 4057359497517872, guid: 14eab3179517a954c87faf31cd4331f8, type: 3}
      propertyPath: m_LocalEulerAnglesHint.z
      value: 0
      objectReference: {fileID: 0}
    m_RemovedComponents: []
  m_SourcePrefab: {fileID: 100100000, guid: 14eab3179517a954c87faf31cd4331f8, type: 3}
--- !u!4 &516335692834728184 stripped
Transform:
  m_CorrespondingSourceObject: {fileID: 4057359497517872, guid: 14eab3179517a954c87faf31cd4331f8, type: 3}
  m_PrefabInstance: {fileID: 514552433009472456}
  m_PrefabAsset: {fileID: 0}
--- !u!1001 &514552433178207804
PrefabInstance:
  m_ObjectHideFlags: 0
  serializedVersion: 2
  m_Modification:
    m_TransformParent: {fileID: 514552433953717724}
    m_Modifications:
    - target: {fileID: 1089632392375526, guid: c422904f3f961e94aac7030a6343c157, type: 3}
      propertyPath: m_Name
      value: SM_Bld_Wall_01_Alt (3)
      objectReference: {fileID: 0}
    - target: {fileID: 4733297365927674, guid: c422904f3f961e94aac7030a6343c157, type: 3}
      propertyPath: m_RootOrder
      value: 0
      objectReference: {fileID: 0}
    - target: {fileID: 4733297365927674, guid: c422904f3f961e94aac7030a6343c157, type: 3}
      propertyPath: m_LocalPosition.x
      value: 15
      objectReference: {fileID: 0}
    - target: {fileID: 4733297365927674, guid: c422904f3f961e94aac7030a6343c157, type: 3}
      propertyPath: m_LocalPosition.y
      value: 0
      objectReference: {fileID: 0}
    - target: {fileID: 4733297365927674, guid: c422904f3f961e94aac7030a6343c157, type: 3}
      propertyPath: m_LocalPosition.z
      value: 10.000006
      objectReference: {fileID: 0}
    - target: {fileID: 4733297365927674, guid: c422904f3f961e94aac7030a6343c157, type: 3}
      propertyPath: m_LocalRotation.w
      value: 0.7071068
      objectReference: {fileID: 0}
    - target: {fileID: 4733297365927674, guid: c422904f3f961e94aac7030a6343c157, type: 3}
      propertyPath: m_LocalRotation.x
      value: -0
      objectReference: {fileID: 0}
    - target: {fileID: 4733297365927674, guid: c422904f3f961e94aac7030a6343c157, type: 3}
      propertyPath: m_LocalRotation.y
      value: -0.7071068
      objectReference: {fileID: 0}
    - target: {fileID: 4733297365927674, guid: c422904f3f961e94aac7030a6343c157, type: 3}
      propertyPath: m_LocalRotation.z
      value: -0
      objectReference: {fileID: 0}
    - target: {fileID: 4733297365927674, guid: c422904f3f961e94aac7030a6343c157, type: 3}
      propertyPath: m_LocalEulerAnglesHint.x
      value: 0
      objectReference: {fileID: 0}
    - target: {fileID: 4733297365927674, guid: c422904f3f961e94aac7030a6343c157, type: 3}
      propertyPath: m_LocalEulerAnglesHint.y
      value: -90
      objectReference: {fileID: 0}
    - target: {fileID: 4733297365927674, guid: c422904f3f961e94aac7030a6343c157, type: 3}
      propertyPath: m_LocalEulerAnglesHint.z
      value: 0
      objectReference: {fileID: 0}
    m_RemovedComponents: []
  m_SourcePrefab: {fileID: 100100000, guid: c422904f3f961e94aac7030a6343c157, type: 3}
--- !u!4 &519284354946080966 stripped
Transform:
  m_CorrespondingSourceObject: {fileID: 4733297365927674, guid: c422904f3f961e94aac7030a6343c157, type: 3}
  m_PrefabInstance: {fileID: 514552433178207804}
  m_PrefabAsset: {fileID: 0}
--- !u!1001 &514552433315153130
PrefabInstance:
  m_ObjectHideFlags: 0
  serializedVersion: 2
  m_Modification:
    m_TransformParent: {fileID: 514552433946258001}
    m_Modifications:
    - target: {fileID: 1525326058169648, guid: 14eab3179517a954c87faf31cd4331f8, type: 3}
      propertyPath: m_Name
      value: SM_Bld_Floor_07 (17)
      objectReference: {fileID: 0}
    - target: {fileID: 4057359497517872, guid: 14eab3179517a954c87faf31cd4331f8, type: 3}
      propertyPath: m_RootOrder
      value: 10
      objectReference: {fileID: 0}
    - target: {fileID: 4057359497517872, guid: 14eab3179517a954c87faf31cd4331f8, type: 3}
      propertyPath: m_LocalPosition.x
      value: 5.000002
      objectReference: {fileID: 0}
    - target: {fileID: 4057359497517872, guid: 14eab3179517a954c87faf31cd4331f8, type: 3}
      propertyPath: m_LocalPosition.y
      value: 0
      objectReference: {fileID: 0}
    - target: {fileID: 4057359497517872, guid: 14eab3179517a954c87faf31cd4331f8, type: 3}
      propertyPath: m_LocalPosition.z
      value: 4.9999847
      objectReference: {fileID: 0}
    - target: {fileID: 4057359497517872, guid: 14eab3179517a954c87faf31cd4331f8, type: 3}
      propertyPath: m_LocalRotation.w
      value: 1
      objectReference: {fileID: 0}
    - target: {fileID: 4057359497517872, guid: 14eab3179517a954c87faf31cd4331f8, type: 3}
      propertyPath: m_LocalRotation.x
      value: -0
      objectReference: {fileID: 0}
    - target: {fileID: 4057359497517872, guid: 14eab3179517a954c87faf31cd4331f8, type: 3}
      propertyPath: m_LocalRotation.y
      value: -0
      objectReference: {fileID: 0}
    - target: {fileID: 4057359497517872, guid: 14eab3179517a954c87faf31cd4331f8, type: 3}
      propertyPath: m_LocalRotation.z
      value: -0
      objectReference: {fileID: 0}
    - target: {fileID: 4057359497517872, guid: 14eab3179517a954c87faf31cd4331f8, type: 3}
      propertyPath: m_LocalEulerAnglesHint.x
      value: 0
      objectReference: {fileID: 0}
    - target: {fileID: 4057359497517872, guid: 14eab3179517a954c87faf31cd4331f8, type: 3}
      propertyPath: m_LocalEulerAnglesHint.y
      value: 0
      objectReference: {fileID: 0}
    - target: {fileID: 4057359497517872, guid: 14eab3179517a954c87faf31cd4331f8, type: 3}
      propertyPath: m_LocalEulerAnglesHint.z
      value: 0
      objectReference: {fileID: 0}
    m_RemovedComponents: []
  m_SourcePrefab: {fileID: 100100000, guid: 14eab3179517a954c87faf31cd4331f8, type: 3}
--- !u!4 &516335692520054746 stripped
Transform:
  m_CorrespondingSourceObject: {fileID: 4057359497517872, guid: 14eab3179517a954c87faf31cd4331f8, type: 3}
  m_PrefabInstance: {fileID: 514552433315153130}
  m_PrefabAsset: {fileID: 0}
--- !u!1001 &514552433334677620
PrefabInstance:
  m_ObjectHideFlags: 0
  serializedVersion: 2
  m_Modification:
    m_TransformParent: {fileID: 514552433953717724}
    m_Modifications:
    - target: {fileID: 1089632392375526, guid: c422904f3f961e94aac7030a6343c157, type: 3}
      propertyPath: m_Name
      value: SM_Bld_Wall_01_Alt (16)
      objectReference: {fileID: 0}
    - target: {fileID: 4733297365927674, guid: c422904f3f961e94aac7030a6343c157, type: 3}
      propertyPath: m_RootOrder
      value: 5
      objectReference: {fileID: 0}
    - target: {fileID: 4733297365927674, guid: c422904f3f961e94aac7030a6343c157, type: 3}
      propertyPath: m_LocalPosition.x
      value: 0.0000019073486
      objectReference: {fileID: 0}
    - target: {fileID: 4733297365927674, guid: c422904f3f961e94aac7030a6343c157, type: 3}
      propertyPath: m_LocalPosition.y
      value: 0
      objectReference: {fileID: 0}
    - target: {fileID: 4733297365927674, guid: c422904f3f961e94aac7030a6343c157, type: 3}
      propertyPath: m_LocalPosition.z
      value: -0.000015258789
      objectReference: {fileID: 0}
    - target: {fileID: 4733297365927674, guid: c422904f3f961e94aac7030a6343c157, type: 3}
      propertyPath: m_LocalRotation.w
      value: 0.7071068
      objectReference: {fileID: 0}
    - target: {fileID: 4733297365927674, guid: c422904f3f961e94aac7030a6343c157, type: 3}
      propertyPath: m_LocalRotation.x
      value: -0
      objectReference: {fileID: 0}
    - target: {fileID: 4733297365927674, guid: c422904f3f961e94aac7030a6343c157, type: 3}
      propertyPath: m_LocalRotation.y
      value: 0.7071068
      objectReference: {fileID: 0}
    - target: {fileID: 4733297365927674, guid: c422904f3f961e94aac7030a6343c157, type: 3}
      propertyPath: m_LocalRotation.z
      value: -0
      objectReference: {fileID: 0}
    - target: {fileID: 4733297365927674, guid: c422904f3f961e94aac7030a6343c157, type: 3}
      propertyPath: m_LocalEulerAnglesHint.x
      value: 0
      objectReference: {fileID: 0}
    - target: {fileID: 4733297365927674, guid: c422904f3f961e94aac7030a6343c157, type: 3}
      propertyPath: m_LocalEulerAnglesHint.y
      value: 90
      objectReference: {fileID: 0}
    - target: {fileID: 4733297365927674, guid: c422904f3f961e94aac7030a6343c157, type: 3}
      propertyPath: m_LocalEulerAnglesHint.z
      value: 0
      objectReference: {fileID: 0}
    m_RemovedComponents: []
  m_SourcePrefab: {fileID: 100100000, guid: c422904f3f961e94aac7030a6343c157, type: 3}
--- !u!4 &519284354831431310 stripped
Transform:
  m_CorrespondingSourceObject: {fileID: 4733297365927674, guid: c422904f3f961e94aac7030a6343c157, type: 3}
  m_PrefabInstance: {fileID: 514552433334677620}
  m_PrefabAsset: {fileID: 0}
--- !u!1001 &514552433440719820
PrefabInstance:
  m_ObjectHideFlags: 0
  serializedVersion: 2
  m_Modification:
    m_TransformParent: {fileID: 514552433953717724}
    m_Modifications:
    - target: {fileID: 1089632392375526, guid: c422904f3f961e94aac7030a6343c157, type: 3}
      propertyPath: m_Name
      value: SM_Bld_Wall_01_Alt (18)
      objectReference: {fileID: 0}
    - target: {fileID: 4733297365927674, guid: c422904f3f961e94aac7030a6343c157, type: 3}
      propertyPath: m_RootOrder
      value: 7
      objectReference: {fileID: 0}
    - target: {fileID: 4733297365927674, guid: c422904f3f961e94aac7030a6343c157, type: 3}
      propertyPath: m_LocalPosition.x
      value: 0.0000019073486
      objectReference: {fileID: 0}
    - target: {fileID: 4733297365927674, guid: c422904f3f961e94aac7030a6343c157, type: 3}
      propertyPath: m_LocalPosition.y
      value: 0
      objectReference: {fileID: 0}
    - target: {fileID: 4733297365927674, guid: c422904f3f961e94aac7030a6343c157, type: 3}
      propertyPath: m_LocalPosition.z
      value: 9.999979
      objectReference: {fileID: 0}
    - target: {fileID: 4733297365927674, guid: c422904f3f961e94aac7030a6343c157, type: 3}
      propertyPath: m_LocalRotation.w
      value: 0.7071068
      objectReference: {fileID: 0}
    - target: {fileID: 4733297365927674, guid: c422904f3f961e94aac7030a6343c157, type: 3}
      propertyPath: m_LocalRotation.x
      value: -0
      objectReference: {fileID: 0}
    - target: {fileID: 4733297365927674, guid: c422904f3f961e94aac7030a6343c157, type: 3}
      propertyPath: m_LocalRotation.y
      value: 0.7071068
      objectReference: {fileID: 0}
    - target: {fileID: 4733297365927674, guid: c422904f3f961e94aac7030a6343c157, type: 3}
      propertyPath: m_LocalRotation.z
      value: -0
      objectReference: {fileID: 0}
    - target: {fileID: 4733297365927674, guid: c422904f3f961e94aac7030a6343c157, type: 3}
      propertyPath: m_LocalEulerAnglesHint.x
      value: 0
      objectReference: {fileID: 0}
    - target: {fileID: 4733297365927674, guid: c422904f3f961e94aac7030a6343c157, type: 3}
      propertyPath: m_LocalEulerAnglesHint.y
      value: 90
      objectReference: {fileID: 0}
    - target: {fileID: 4733297365927674, guid: c422904f3f961e94aac7030a6343c157, type: 3}
      propertyPath: m_LocalEulerAnglesHint.z
      value: 0
      objectReference: {fileID: 0}
    m_RemovedComponents: []
  m_SourcePrefab: {fileID: 100100000, guid: c422904f3f961e94aac7030a6343c157, type: 3}
--- !u!4 &519284356281320758 stripped
Transform:
  m_CorrespondingSourceObject: {fileID: 4733297365927674, guid: c422904f3f961e94aac7030a6343c157, type: 3}
  m_PrefabInstance: {fileID: 514552433440719820}
  m_PrefabAsset: {fileID: 0}
--- !u!1001 &514552433460836608
PrefabInstance:
  m_ObjectHideFlags: 0
  serializedVersion: 2
  m_Modification:
    m_TransformParent: {fileID: 514552433946258001}
    m_Modifications:
    - target: {fileID: 1525326058169648, guid: 14eab3179517a954c87faf31cd4331f8, type: 3}
      propertyPath: m_Name
      value: SM_Bld_Floor_07 (6)
      objectReference: {fileID: 0}
    - target: {fileID: 4057359497517872, guid: 14eab3179517a954c87faf31cd4331f8, type: 3}
      propertyPath: m_RootOrder
      value: 6
      objectReference: {fileID: 0}
    - target: {fileID: 4057359497517872, guid: 14eab3179517a954c87faf31cd4331f8, type: 3}
      propertyPath: m_LocalPosition.x
      value: 10
      objectReference: {fileID: 0}
    - target: {fileID: 4057359497517872, guid: 14eab3179517a954c87faf31cd4331f8, type: 3}
      propertyPath: m_LocalPosition.y
      value: 0
      objectReference: {fileID: 0}
    - target: {fileID: 4057359497517872, guid: 14eab3179517a954c87faf31cd4331f8, type: 3}
      propertyPath: m_LocalPosition.z
      value: 9.999996
      objectReference: {fileID: 0}
    - target: {fileID: 4057359497517872, guid: 14eab3179517a954c87faf31cd4331f8, type: 3}
      propertyPath: m_LocalRotation.w
      value: 1
      objectReference: {fileID: 0}
    - target: {fileID: 4057359497517872, guid: 14eab3179517a954c87faf31cd4331f8, type: 3}
      propertyPath: m_LocalRotation.x
      value: -0
      objectReference: {fileID: 0}
    - target: {fileID: 4057359497517872, guid: 14eab3179517a954c87faf31cd4331f8, type: 3}
      propertyPath: m_LocalRotation.y
      value: -0
      objectReference: {fileID: 0}
    - target: {fileID: 4057359497517872, guid: 14eab3179517a954c87faf31cd4331f8, type: 3}
      propertyPath: m_LocalRotation.z
      value: -0
      objectReference: {fileID: 0}
    - target: {fileID: 4057359497517872, guid: 14eab3179517a954c87faf31cd4331f8, type: 3}
      propertyPath: m_LocalEulerAnglesHint.x
      value: 0
      objectReference: {fileID: 0}
    - target: {fileID: 4057359497517872, guid: 14eab3179517a954c87faf31cd4331f8, type: 3}
      propertyPath: m_LocalEulerAnglesHint.y
      value: 0
      objectReference: {fileID: 0}
    - target: {fileID: 4057359497517872, guid: 14eab3179517a954c87faf31cd4331f8, type: 3}
      propertyPath: m_LocalEulerAnglesHint.z
      value: 0
      objectReference: {fileID: 0}
    m_RemovedComponents: []
  m_SourcePrefab: {fileID: 100100000, guid: 14eab3179517a954c87faf31cd4331f8, type: 3}
--- !u!4 &516335693453959728 stripped
Transform:
  m_CorrespondingSourceObject: {fileID: 4057359497517872, guid: 14eab3179517a954c87faf31cd4331f8, type: 3}
  m_PrefabInstance: {fileID: 514552433460836608}
  m_PrefabAsset: {fileID: 0}
--- !u!1001 &514552433722374220
PrefabInstance:
  m_ObjectHideFlags: 0
  serializedVersion: 2
  m_Modification:
    m_TransformParent: {fileID: 514552433946258001}
    m_Modifications:
    - target: {fileID: 1525326058169648, guid: 14eab3179517a954c87faf31cd4331f8, type: 3}
      propertyPath: m_Name
      value: SM_Bld_Floor_07 (3)
      objectReference: {fileID: 0}
    - target: {fileID: 4057359497517872, guid: 14eab3179517a954c87faf31cd4331f8, type: 3}
      propertyPath: m_RootOrder
      value: 0
      objectReference: {fileID: 0}
    - target: {fileID: 4057359497517872, guid: 14eab3179517a954c87faf31cd4331f8, type: 3}
      propertyPath: m_LocalPosition.x
      value: 10
      objectReference: {fileID: 0}
    - target: {fileID: 4057359497517872, guid: 14eab3179517a954c87faf31cd4331f8, type: 3}
      propertyPath: m_LocalPosition.y
      value: 0
      objectReference: {fileID: 0}
    - target: {fileID: 4057359497517872, guid: 14eab3179517a954c87faf31cd4331f8, type: 3}
      propertyPath: m_LocalPosition.z
      value: -5
      objectReference: {fileID: 0}
    - target: {fileID: 4057359497517872, guid: 14eab3179517a954c87faf31cd4331f8, type: 3}
      propertyPath: m_LocalRotation.w
      value: 1
      objectReference: {fileID: 0}
    - target: {fileID: 4057359497517872, guid: 14eab3179517a954c87faf31cd4331f8, type: 3}
      propertyPath: m_LocalRotation.x
      value: -0
      objectReference: {fileID: 0}
    - target: {fileID: 4057359497517872, guid: 14eab3179517a954c87faf31cd4331f8, type: 3}
      propertyPath: m_LocalRotation.y
      value: -0
      objectReference: {fileID: 0}
    - target: {fileID: 4057359497517872, guid: 14eab3179517a954c87faf31cd4331f8, type: 3}
      propertyPath: m_LocalRotation.z
      value: -0
      objectReference: {fileID: 0}
    - target: {fileID: 4057359497517872, guid: 14eab3179517a954c87faf31cd4331f8, type: 3}
      propertyPath: m_LocalEulerAnglesHint.x
      value: 0
      objectReference: {fileID: 0}
    - target: {fileID: 4057359497517872, guid: 14eab3179517a954c87faf31cd4331f8, type: 3}
      propertyPath: m_LocalEulerAnglesHint.y
      value: 0
      objectReference: {fileID: 0}
    - target: {fileID: 4057359497517872, guid: 14eab3179517a954c87faf31cd4331f8, type: 3}
      propertyPath: m_LocalEulerAnglesHint.z
      value: 0
      objectReference: {fileID: 0}
    m_RemovedComponents: []
  m_SourcePrefab: {fileID: 100100000, guid: 14eab3179517a954c87faf31cd4331f8, type: 3}
--- !u!4 &516335693195567996 stripped
Transform:
  m_CorrespondingSourceObject: {fileID: 4057359497517872, guid: 14eab3179517a954c87faf31cd4331f8, type: 3}
  m_PrefabInstance: {fileID: 514552433722374220}
  m_PrefabAsset: {fileID: 0}
--- !u!1001 &514552433798595176
PrefabInstance:
  m_ObjectHideFlags: 0
  serializedVersion: 2
  m_Modification:
    m_TransformParent: {fileID: 514552433946258001}
    m_Modifications:
    - target: {fileID: 1525326058169648, guid: 14eab3179517a954c87faf31cd4331f8, type: 3}
      propertyPath: m_Name
      value: SM_Bld_Floor_07 (9)
      objectReference: {fileID: 0}
    - target: {fileID: 4057359497517872, guid: 14eab3179517a954c87faf31cd4331f8, type: 3}
      propertyPath: m_RootOrder
      value: 8
      objectReference: {fileID: 0}
    - target: {fileID: 4057359497517872, guid: 14eab3179517a954c87faf31cd4331f8, type: 3}
      propertyPath: m_LocalPosition.x
      value: 5.000002
      objectReference: {fileID: 0}
    - target: {fileID: 4057359497517872, guid: 14eab3179517a954c87faf31cd4331f8, type: 3}
      propertyPath: m_LocalPosition.y
      value: 0
      objectReference: {fileID: 0}
    - target: {fileID: 4057359497517872, guid: 14eab3179517a954c87faf31cd4331f8, type: 3}
      propertyPath: m_LocalPosition.z
      value: -5.0000153
      objectReference: {fileID: 0}
    - target: {fileID: 4057359497517872, guid: 14eab3179517a954c87faf31cd4331f8, type: 3}
      propertyPath: m_LocalRotation.w
      value: 1
      objectReference: {fileID: 0}
    - target: {fileID: 4057359497517872, guid: 14eab3179517a954c87faf31cd4331f8, type: 3}
      propertyPath: m_LocalRotation.x
      value: -0
      objectReference: {fileID: 0}
    - target: {fileID: 4057359497517872, guid: 14eab3179517a954c87faf31cd4331f8, type: 3}
      propertyPath: m_LocalRotation.y
      value: -0
      objectReference: {fileID: 0}
    - target: {fileID: 4057359497517872, guid: 14eab3179517a954c87faf31cd4331f8, type: 3}
      propertyPath: m_LocalRotation.z
      value: -0
      objectReference: {fileID: 0}
    - target: {fileID: 4057359497517872, guid: 14eab3179517a954c87faf31cd4331f8, type: 3}
      propertyPath: m_LocalEulerAnglesHint.x
      value: 0
      objectReference: {fileID: 0}
    - target: {fileID: 4057359497517872, guid: 14eab3179517a954c87faf31cd4331f8, type: 3}
      propertyPath: m_LocalEulerAnglesHint.y
      value: 0
      objectReference: {fileID: 0}
    - target: {fileID: 4057359497517872, guid: 14eab3179517a954c87faf31cd4331f8, type: 3}
      propertyPath: m_LocalEulerAnglesHint.z
      value: 0
      objectReference: {fileID: 0}
    m_RemovedComponents: []
  m_SourcePrefab: {fileID: 100100000, guid: 14eab3179517a954c87faf31cd4331f8, type: 3}
--- !u!4 &516335693123000664 stripped
Transform:
  m_CorrespondingSourceObject: {fileID: 4057359497517872, guid: 14eab3179517a954c87faf31cd4331f8, type: 3}
  m_PrefabInstance: {fileID: 514552433798595176}
  m_PrefabAsset: {fileID: 0}
--- !u!1001 &514552433876627990
PrefabInstance:
  m_ObjectHideFlags: 0
  serializedVersion: 2
  m_Modification:
    m_TransformParent: {fileID: 514552433946258001}
    m_Modifications:
    - target: {fileID: 1525326058169648, guid: 14eab3179517a954c87faf31cd4331f8, type: 3}
      propertyPath: m_Name
      value: SM_Bld_Floor_07 (4)
      objectReference: {fileID: 0}
    - target: {fileID: 4057359497517872, guid: 14eab3179517a954c87faf31cd4331f8, type: 3}
      propertyPath: m_RootOrder
      value: 1
      objectReference: {fileID: 0}
    - target: {fileID: 4057359497517872, guid: 14eab3179517a954c87faf31cd4331f8, type: 3}
      propertyPath: m_LocalPosition.x
      value: 10
      objectReference: {fileID: 0}
    - target: {fileID: 4057359497517872, guid: 14eab3179517a954c87faf31cd4331f8, type: 3}
      propertyPath: m_LocalPosition.y
      value: 0
      objectReference: {fileID: 0}
    - target: {fileID: 4057359497517872, guid: 14eab3179517a954c87faf31cd4331f8, type: 3}
      propertyPath: m_LocalPosition.z
      value: 0
      objectReference: {fileID: 0}
    - target: {fileID: 4057359497517872, guid: 14eab3179517a954c87faf31cd4331f8, type: 3}
      propertyPath: m_LocalRotation.w
      value: 1
      objectReference: {fileID: 0}
    - target: {fileID: 4057359497517872, guid: 14eab3179517a954c87faf31cd4331f8, type: 3}
      propertyPath: m_LocalRotation.x
      value: -0
      objectReference: {fileID: 0}
    - target: {fileID: 4057359497517872, guid: 14eab3179517a954c87faf31cd4331f8, type: 3}
      propertyPath: m_LocalRotation.y
      value: -0
      objectReference: {fileID: 0}
    - target: {fileID: 4057359497517872, guid: 14eab3179517a954c87faf31cd4331f8, type: 3}
      propertyPath: m_LocalRotation.z
      value: -0
      objectReference: {fileID: 0}
    - target: {fileID: 4057359497517872, guid: 14eab3179517a954c87faf31cd4331f8, type: 3}
      propertyPath: m_LocalEulerAnglesHint.x
      value: 0
      objectReference: {fileID: 0}
    - target: {fileID: 4057359497517872, guid: 14eab3179517a954c87faf31cd4331f8, type: 3}
      propertyPath: m_LocalEulerAnglesHint.y
      value: 0
      objectReference: {fileID: 0}
    - target: {fileID: 4057359497517872, guid: 14eab3179517a954c87faf31cd4331f8, type: 3}
      propertyPath: m_LocalEulerAnglesHint.z
      value: 0
      objectReference: {fileID: 0}
    m_RemovedComponents: []
  m_SourcePrefab: {fileID: 100100000, guid: 14eab3179517a954c87faf31cd4331f8, type: 3}
--- !u!4 &516335693032859942 stripped
Transform:
  m_CorrespondingSourceObject: {fileID: 4057359497517872, guid: 14eab3179517a954c87faf31cd4331f8, type: 3}
  m_PrefabInstance: {fileID: 514552433876627990}
  m_PrefabAsset: {fileID: 0}
--- !u!1001 &514552433952086339
PrefabInstance:
  m_ObjectHideFlags: 0
  serializedVersion: 2
  m_Modification:
    m_TransformParent: {fileID: 514552433946258001}
    m_Modifications:
    - target: {fileID: 1525326058169648, guid: 14eab3179517a954c87faf31cd4331f8, type: 3}
      propertyPath: m_Name
      value: SM_Bld_Floor_07 (11)
      objectReference: {fileID: 0}
    - target: {fileID: 4057359497517872, guid: 14eab3179517a954c87faf31cd4331f8, type: 3}
      propertyPath: m_RootOrder
      value: 3
      objectReference: {fileID: 0}
    - target: {fileID: 4057359497517872, guid: 14eab3179517a954c87faf31cd4331f8, type: 3}
      propertyPath: m_LocalPosition.x
      value: 15
      objectReference: {fileID: 0}
    - target: {fileID: 4057359497517872, guid: 14eab3179517a954c87faf31cd4331f8, type: 3}
      propertyPath: m_LocalPosition.y
      value: 0
      objectReference: {fileID: 0}
    - target: {fileID: 4057359497517872, guid: 14eab3179517a954c87faf31cd4331f8, type: 3}
      propertyPath: m_LocalPosition.z
      value: 5.0000057
      objectReference: {fileID: 0}
    - target: {fileID: 4057359497517872, guid: 14eab3179517a954c87faf31cd4331f8, type: 3}
      propertyPath: m_LocalRotation.w
      value: 1
      objectReference: {fileID: 0}
    - target: {fileID: 4057359497517872, guid: 14eab3179517a954c87faf31cd4331f8, type: 3}
      propertyPath: m_LocalRotation.x
      value: -0
      objectReference: {fileID: 0}
    - target: {fileID: 4057359497517872, guid: 14eab3179517a954c87faf31cd4331f8, type: 3}
      propertyPath: m_LocalRotation.y
      value: -0
      objectReference: {fileID: 0}
    - target: {fileID: 4057359497517872, guid: 14eab3179517a954c87faf31cd4331f8, type: 3}
      propertyPath: m_LocalRotation.z
      value: -0
      objectReference: {fileID: 0}
    - target: {fileID: 4057359497517872, guid: 14eab3179517a954c87faf31cd4331f8, type: 3}
      propertyPath: m_LocalEulerAnglesHint.x
      value: 0
      objectReference: {fileID: 0}
    - target: {fileID: 4057359497517872, guid: 14eab3179517a954c87faf31cd4331f8, type: 3}
      propertyPath: m_LocalEulerAnglesHint.y
      value: 0
      objectReference: {fileID: 0}
    - target: {fileID: 4057359497517872, guid: 14eab3179517a954c87faf31cd4331f8, type: 3}
      propertyPath: m_LocalEulerAnglesHint.z
      value: 0
      objectReference: {fileID: 0}
    m_RemovedComponents: []
  m_SourcePrefab: {fileID: 100100000, guid: 14eab3179517a954c87faf31cd4331f8, type: 3}
--- !u!4 &516335694031192691 stripped
Transform:
  m_CorrespondingSourceObject: {fileID: 4057359497517872, guid: 14eab3179517a954c87faf31cd4331f8, type: 3}
  m_PrefabInstance: {fileID: 514552433952086339}
  m_PrefabAsset: {fileID: 0}
--- !u!1001 &514552433989513474
PrefabInstance:
  m_ObjectHideFlags: 0
  serializedVersion: 2
  m_Modification:
    m_TransformParent: {fileID: 514552433953717724}
    m_Modifications:
    - target: {fileID: 1089632392375526, guid: c422904f3f961e94aac7030a6343c157, type: 3}
      propertyPath: m_Name
      value: SM_Bld_Wall_01_Alt (4)
      objectReference: {fileID: 0}
    - target: {fileID: 4733297365927674, guid: c422904f3f961e94aac7030a6343c157, type: 3}
      propertyPath: m_RootOrder
      value: 1
      objectReference: {fileID: 0}
    - target: {fileID: 4733297365927674, guid: c422904f3f961e94aac7030a6343c157, type: 3}
      propertyPath: m_LocalPosition.x
      value: 15
      objectReference: {fileID: 0}
    - target: {fileID: 4733297365927674, guid: c422904f3f961e94aac7030a6343c157, type: 3}
      propertyPath: m_LocalPosition.y
      value: 0
      objectReference: {fileID: 0}
    - target: {fileID: 4733297365927674, guid: c422904f3f961e94aac7030a6343c157, type: 3}
      propertyPath: m_LocalPosition.z
      value: 5.0000057
      objectReference: {fileID: 0}
    - target: {fileID: 4733297365927674, guid: c422904f3f961e94aac7030a6343c157, type: 3}
      propertyPath: m_LocalRotation.w
      value: 0.7071068
      objectReference: {fileID: 0}
    - target: {fileID: 4733297365927674, guid: c422904f3f961e94aac7030a6343c157, type: 3}
      propertyPath: m_LocalRotation.x
      value: -0
      objectReference: {fileID: 0}
    - target: {fileID: 4733297365927674, guid: c422904f3f961e94aac7030a6343c157, type: 3}
      propertyPath: m_LocalRotation.y
      value: -0.7071068
      objectReference: {fileID: 0}
    - target: {fileID: 4733297365927674, guid: c422904f3f961e94aac7030a6343c157, type: 3}
      propertyPath: m_LocalRotation.z
      value: -0
      objectReference: {fileID: 0}
    - target: {fileID: 4733297365927674, guid: c422904f3f961e94aac7030a6343c157, type: 3}
      propertyPath: m_LocalEulerAnglesHint.x
      value: 0
      objectReference: {fileID: 0}
    - target: {fileID: 4733297365927674, guid: c422904f3f961e94aac7030a6343c157, type: 3}
      propertyPath: m_LocalEulerAnglesHint.y
      value: -90
      objectReference: {fileID: 0}
    - target: {fileID: 4733297365927674, guid: c422904f3f961e94aac7030a6343c157, type: 3}
      propertyPath: m_LocalEulerAnglesHint.z
      value: 0
      objectReference: {fileID: 0}
    m_RemovedComponents: []
  m_SourcePrefab: {fileID: 100100000, guid: c422904f3f961e94aac7030a6343c157, type: 3}
--- !u!4 &519284355757848568 stripped
Transform:
  m_CorrespondingSourceObject: {fileID: 4733297365927674, guid: c422904f3f961e94aac7030a6343c157, type: 3}
  m_PrefabInstance: {fileID: 514552433989513474}
  m_PrefabAsset: {fileID: 0}
--- !u!1001 &514552434185789929
PrefabInstance:
  m_ObjectHideFlags: 0
  serializedVersion: 2
  m_Modification:
    m_TransformParent: {fileID: 514552433946258001}
    m_Modifications:
    - target: {fileID: 1525326058169648, guid: 14eab3179517a954c87faf31cd4331f8, type: 3}
      propertyPath: m_Name
      value: SM_Bld_Floor_07 (14)
      objectReference: {fileID: 0}
    - target: {fileID: 4057359497517872, guid: 14eab3179517a954c87faf31cd4331f8, type: 3}
      propertyPath: m_RootOrder
      value: 7
      objectReference: {fileID: 0}
    - target: {fileID: 4057359497517872, guid: 14eab3179517a954c87faf31cd4331f8, type: 3}
      propertyPath: m_LocalPosition.x
      value: 15
      objectReference: {fileID: 0}
    - target: {fileID: 4057359497517872, guid: 14eab3179517a954c87faf31cd4331f8, type: 3}
      propertyPath: m_LocalPosition.y
      value: 0
      objectReference: {fileID: 0}
    - target: {fileID: 4057359497517872, guid: 14eab3179517a954c87faf31cd4331f8, type: 3}
      propertyPath: m_LocalPosition.z
      value: 10.000002
      objectReference: {fileID: 0}
    - target: {fileID: 4057359497517872, guid: 14eab3179517a954c87faf31cd4331f8, type: 3}
      propertyPath: m_LocalRotation.w
      value: 1
      objectReference: {fileID: 0}
    - target: {fileID: 4057359497517872, guid: 14eab3179517a954c87faf31cd4331f8, type: 3}
      propertyPath: m_LocalRotation.x
      value: -0
      objectReference: {fileID: 0}
    - target: {fileID: 4057359497517872, guid: 14eab3179517a954c87faf31cd4331f8, type: 3}
      propertyPath: m_LocalRotation.y
      value: -0
      objectReference: {fileID: 0}
    - target: {fileID: 4057359497517872, guid: 14eab3179517a954c87faf31cd4331f8, type: 3}
      propertyPath: m_LocalRotation.z
      value: -0
      objectReference: {fileID: 0}
    - target: {fileID: 4057359497517872, guid: 14eab3179517a954c87faf31cd4331f8, type: 3}
      propertyPath: m_LocalEulerAnglesHint.x
      value: 0
      objectReference: {fileID: 0}
    - target: {fileID: 4057359497517872, guid: 14eab3179517a954c87faf31cd4331f8, type: 3}
      propertyPath: m_LocalEulerAnglesHint.y
      value: 0
      objectReference: {fileID: 0}
    - target: {fileID: 4057359497517872, guid: 14eab3179517a954c87faf31cd4331f8, type: 3}
      propertyPath: m_LocalEulerAnglesHint.z
      value: 0
      objectReference: {fileID: 0}
    m_RemovedComponents: []
  m_SourcePrefab: {fileID: 100100000, guid: 14eab3179517a954c87faf31cd4331f8, type: 3}
--- !u!4 &516335693810088665 stripped
Transform:
  m_CorrespondingSourceObject: {fileID: 4057359497517872, guid: 14eab3179517a954c87faf31cd4331f8, type: 3}
  m_PrefabInstance: {fileID: 514552434185789929}
  m_PrefabAsset: {fileID: 0}
--- !u!1001 &514552434303017753
PrefabInstance:
  m_ObjectHideFlags: 0
  serializedVersion: 2
  m_Modification:
    m_TransformParent: {fileID: 514552433953717724}
    m_Modifications:
    - target: {fileID: 1089632392375526, guid: c422904f3f961e94aac7030a6343c157, type: 3}
      propertyPath: m_Name
      value: SM_Bld_Wall_01_Alt (15)
      objectReference: {fileID: 0}
    - target: {fileID: 4733297365927674, guid: c422904f3f961e94aac7030a6343c157, type: 3}
      propertyPath: m_RootOrder
      value: 4
      objectReference: {fileID: 0}
    - target: {fileID: 4733297365927674, guid: c422904f3f961e94aac7030a6343c157, type: 3}
      propertyPath: m_LocalPosition.x
      value: 0.0000019073486
      objectReference: {fileID: 0}
    - target: {fileID: 4733297365927674, guid: c422904f3f961e94aac7030a6343c157, type: 3}
      propertyPath: m_LocalPosition.y
      value: 0
      objectReference: {fileID: 0}
    - target: {fileID: 4733297365927674, guid: c422904f3f961e94aac7030a6343c157, type: 3}
      propertyPath: m_LocalPosition.z
      value: -5.0000153
      objectReference: {fileID: 0}
    - target: {fileID: 4733297365927674, guid: c422904f3f961e94aac7030a6343c157, type: 3}
      propertyPath: m_LocalRotation.w
      value: 0.7071068
      objectReference: {fileID: 0}
    - target: {fileID: 4733297365927674, guid: c422904f3f961e94aac7030a6343c157, type: 3}
      propertyPath: m_LocalRotation.x
      value: -0
      objectReference: {fileID: 0}
    - target: {fileID: 4733297365927674, guid: c422904f3f961e94aac7030a6343c157, type: 3}
      propertyPath: m_LocalRotation.y
      value: 0.7071068
      objectReference: {fileID: 0}
    - target: {fileID: 4733297365927674, guid: c422904f3f961e94aac7030a6343c157, type: 3}
      propertyPath: m_LocalRotation.z
      value: -0
      objectReference: {fileID: 0}
    - target: {fileID: 4733297365927674, guid: c422904f3f961e94aac7030a6343c157, type: 3}
      propertyPath: m_LocalEulerAnglesHint.x
      value: 0
      objectReference: {fileID: 0}
    - target: {fileID: 4733297365927674, guid: c422904f3f961e94aac7030a6343c157, type: 3}
      propertyPath: m_LocalEulerAnglesHint.y
      value: 90
      objectReference: {fileID: 0}
    - target: {fileID: 4733297365927674, guid: c422904f3f961e94aac7030a6343c157, type: 3}
      propertyPath: m_LocalEulerAnglesHint.z
      value: 0
      objectReference: {fileID: 0}
    m_RemovedComponents: []
  m_SourcePrefab: {fileID: 100100000, guid: c422904f3f961e94aac7030a6343c157, type: 3}
--- !u!4 &519284355935069667 stripped
Transform:
  m_CorrespondingSourceObject: {fileID: 4733297365927674, guid: c422904f3f961e94aac7030a6343c157, type: 3}
  m_PrefabInstance: {fileID: 514552434303017753}
  m_PrefabAsset: {fileID: 0}
--- !u!1001 &514552434388525564
PrefabInstance:
  m_ObjectHideFlags: 0
  serializedVersion: 2
  m_Modification:
    m_TransformParent: {fileID: 514552433946258001}
    m_Modifications:
    - target: {fileID: 1525326058169648, guid: 14eab3179517a954c87faf31cd4331f8, type: 3}
      propertyPath: m_Name
      value: SM_Bld_Floor_07 (18)
      objectReference: {fileID: 0}
    - target: {fileID: 4057359497517872, guid: 14eab3179517a954c87faf31cd4331f8, type: 3}
      propertyPath: m_RootOrder
      value: 11
      objectReference: {fileID: 0}
    - target: {fileID: 4057359497517872, guid: 14eab3179517a954c87faf31cd4331f8, type: 3}
      propertyPath: m_LocalPosition.x
      value: 5.000002
      objectReference: {fileID: 0}
    - target: {fileID: 4057359497517872, guid: 14eab3179517a954c87faf31cd4331f8, type: 3}
      propertyPath: m_LocalPosition.y
      value: 0
      objectReference: {fileID: 0}
    - target: {fileID: 4057359497517872, guid: 14eab3179517a954c87faf31cd4331f8, type: 3}
      propertyPath: m_LocalPosition.z
      value: 9.999981
      objectReference: {fileID: 0}
    - target: {fileID: 4057359497517872, guid: 14eab3179517a954c87faf31cd4331f8, type: 3}
      propertyPath: m_LocalRotation.w
      value: 1
      objectReference: {fileID: 0}
    - target: {fileID: 4057359497517872, guid: 14eab3179517a954c87faf31cd4331f8, type: 3}
      propertyPath: m_LocalRotation.x
      value: -0
      objectReference: {fileID: 0}
    - target: {fileID: 4057359497517872, guid: 14eab3179517a954c87faf31cd4331f8, type: 3}
      propertyPath: m_LocalRotation.y
      value: -0
      objectReference: {fileID: 0}
    - target: {fileID: 4057359497517872, guid: 14eab3179517a954c87faf31cd4331f8, type: 3}
      propertyPath: m_LocalRotation.z
      value: -0
      objectReference: {fileID: 0}
    - target: {fileID: 4057359497517872, guid: 14eab3179517a954c87faf31cd4331f8, type: 3}
      propertyPath: m_LocalEulerAnglesHint.x
      value: 0
      objectReference: {fileID: 0}
    - target: {fileID: 4057359497517872, guid: 14eab3179517a954c87faf31cd4331f8, type: 3}
      propertyPath: m_LocalEulerAnglesHint.y
      value: 0
      objectReference: {fileID: 0}
    - target: {fileID: 4057359497517872, guid: 14eab3179517a954c87faf31cd4331f8, type: 3}
      propertyPath: m_LocalEulerAnglesHint.z
      value: 0
      objectReference: {fileID: 0}
    m_RemovedComponents: []
  m_SourcePrefab: {fileID: 100100000, guid: 14eab3179517a954c87faf31cd4331f8, type: 3}
--- !u!4 &516335693595228876 stripped
Transform:
  m_CorrespondingSourceObject: {fileID: 4057359497517872, guid: 14eab3179517a954c87faf31cd4331f8, type: 3}
  m_PrefabInstance: {fileID: 514552434388525564}
  m_PrefabAsset: {fileID: 0}
--- !u!1001 &514552434416223184
PrefabInstance:
  m_ObjectHideFlags: 0
  serializedVersion: 2
  m_Modification:
    m_TransformParent: {fileID: 514552433946258001}
    m_Modifications:
    - target: {fileID: 1525326058169648, guid: 14eab3179517a954c87faf31cd4331f8, type: 3}
      propertyPath: m_Name
      value: SM_Bld_Floor_07 (13)
      objectReference: {fileID: 0}
    - target: {fileID: 4057359497517872, guid: 14eab3179517a954c87faf31cd4331f8, type: 3}
      propertyPath: m_RootOrder
      value: 5
      objectReference: {fileID: 0}
    - target: {fileID: 4057359497517872, guid: 14eab3179517a954c87faf31cd4331f8, type: 3}
      propertyPath: m_LocalPosition.x
      value: 15
      objectReference: {fileID: 0}
    - target: {fileID: 4057359497517872, guid: 14eab3179517a954c87faf31cd4331f8, type: 3}
      propertyPath: m_LocalPosition.y
      value: 0
      objectReference: {fileID: 0}
    - target: {fileID: 4057359497517872, guid: 14eab3179517a954c87faf31cd4331f8, type: 3}
      propertyPath: m_LocalPosition.z
      value: -4.9999943
      objectReference: {fileID: 0}
    - target: {fileID: 4057359497517872, guid: 14eab3179517a954c87faf31cd4331f8, type: 3}
      propertyPath: m_LocalRotation.w
      value: 1
      objectReference: {fileID: 0}
    - target: {fileID: 4057359497517872, guid: 14eab3179517a954c87faf31cd4331f8, type: 3}
      propertyPath: m_LocalRotation.x
      value: -0
      objectReference: {fileID: 0}
    - target: {fileID: 4057359497517872, guid: 14eab3179517a954c87faf31cd4331f8, type: 3}
      propertyPath: m_LocalRotation.y
      value: -0
      objectReference: {fileID: 0}
    - target: {fileID: 4057359497517872, guid: 14eab3179517a954c87faf31cd4331f8, type: 3}
      propertyPath: m_LocalRotation.z
      value: -0
      objectReference: {fileID: 0}
    - target: {fileID: 4057359497517872, guid: 14eab3179517a954c87faf31cd4331f8, type: 3}
      propertyPath: m_LocalEulerAnglesHint.x
      value: 0
      objectReference: {fileID: 0}
    - target: {fileID: 4057359497517872, guid: 14eab3179517a954c87faf31cd4331f8, type: 3}
      propertyPath: m_LocalEulerAnglesHint.y
      value: 0
      objectReference: {fileID: 0}
    - target: {fileID: 4057359497517872, guid: 14eab3179517a954c87faf31cd4331f8, type: 3}
      propertyPath: m_LocalEulerAnglesHint.z
      value: 0
      objectReference: {fileID: 0}
    m_RemovedComponents: []
  m_SourcePrefab: {fileID: 100100000, guid: 14eab3179517a954c87faf31cd4331f8, type: 3}
--- !u!4 &516335693570660576 stripped
Transform:
  m_CorrespondingSourceObject: {fileID: 4057359497517872, guid: 14eab3179517a954c87faf31cd4331f8, type: 3}
  m_PrefabInstance: {fileID: 514552434416223184}
  m_PrefabAsset: {fileID: 0}
