%YAML 1.1
%TAG !u! tag:unity3d.com,2011:
--- !u!1 &3331219890157134324
GameObject:
  m_ObjectHideFlags: 0
  m_CorrespondingSourceObject: {fileID: 0}
  m_PrefabInstance: {fileID: 0}
  m_PrefabAsset: {fileID: 0}
  serializedVersion: 6
  m_Component:
  - component: {fileID: 2126531500672589568}
  m_Layer: 5
  m_Name: PlayerSavedGroup
  m_TagString: Untagged
  m_Icon: {fileID: 0}
  m_NavMeshLayer: 0
  m_StaticEditorFlags: 0
  m_IsActive: 1
--- !u!224 &2126531500672589568
RectTransform:
  m_ObjectHideFlags: 0
  m_CorrespondingSourceObject: {fileID: 0}
  m_PrefabInstance: {fileID: 0}
  m_PrefabAsset: {fileID: 0}
  m_GameObject: {fileID: 3331219890157134324}
  m_LocalRotation: {x: 0, y: 0, z: 0, w: 1}
  m_LocalPosition: {x: 0, y: 0, z: 0}
  m_LocalScale: {x: 1, y: 1, z: 1}
  m_Children:
  - {fileID: 8676910177742989757}
  m_Father: {fileID: 4086661570629891866}
  m_RootOrder: 5
  m_LocalEulerAnglesHint: {x: 0, y: 0, z: 0}
  m_AnchorMin: {x: 0.5, y: 0.5}
  m_AnchorMax: {x: 0.5, y: 0.5}
  m_AnchoredPosition: {x: -1920, y: 0}
  m_SizeDelta: {x: 100, y: 100}
  m_Pivot: {x: 0.5, y: 0.5}
--- !u!1 &4086661570629891870
GameObject:
  m_ObjectHideFlags: 0
  m_CorrespondingSourceObject: {fileID: 0}
  m_PrefabInstance: {fileID: 0}
  m_PrefabAsset: {fileID: 0}
  serializedVersion: 6
  m_Component:
  - component: {fileID: 4086661570629891866}
  - component: {fileID: 4086661570629891865}
  - component: {fileID: 4086661570629891867}
  - component: {fileID: 4086661570629891864}
  - component: {fileID: 4086661570629891871}
  - component: {fileID: 970630209074525012}
  m_Layer: 5
  m_Name: MinigameCanvas
  m_TagString: Untagged
  m_Icon: {fileID: 0}
  m_NavMeshLayer: 0
  m_StaticEditorFlags: 0
  m_IsActive: 1
--- !u!224 &4086661570629891866
RectTransform:
  m_ObjectHideFlags: 0
  m_CorrespondingSourceObject: {fileID: 0}
  m_PrefabInstance: {fileID: 0}
  m_PrefabAsset: {fileID: 0}
  m_GameObject: {fileID: 4086661570629891870}
  m_LocalRotation: {x: 0, y: 0, z: 0, w: 1}
  m_LocalPosition: {x: 0, y: 0, z: 0}
  m_LocalScale: {x: 0, y: 0, z: 0}
  m_Children:
  - {fileID: 4086661569165121055}
  - {fileID: 3822266016979179408}
  - {fileID: 3313518335286375488}
  - {fileID: 5252154585991678220}
  - {fileID: 2580998615814110048}
  - {fileID: 2126531500672589568}
  m_Father: {fileID: 0}
  m_RootOrder: 0
  m_LocalEulerAnglesHint: {x: 0, y: 0, z: 0}
  m_AnchorMin: {x: 0, y: 0}
  m_AnchorMax: {x: 0, y: 0}
  m_AnchoredPosition: {x: 0, y: 0}
  m_SizeDelta: {x: 0, y: 0}
  m_Pivot: {x: 0, y: 0}
--- !u!223 &4086661570629891865
Canvas:
  m_ObjectHideFlags: 0
  m_CorrespondingSourceObject: {fileID: 0}
  m_PrefabInstance: {fileID: 0}
  m_PrefabAsset: {fileID: 0}
  m_GameObject: {fileID: 4086661570629891870}
  m_Enabled: 1
  serializedVersion: 3
  m_RenderMode: 0
  m_Camera: {fileID: 0}
  m_PlaneDistance: 100
  m_PixelPerfect: 0
  m_ReceivesEvents: 1
  m_OverrideSorting: 0
  m_OverridePixelPerfect: 0
  m_SortingBucketNormalizedSize: 0
  m_AdditionalShaderChannelsFlag: 0
  m_SortingLayerID: 0
  m_SortingOrder: 0
  m_TargetDisplay: 0
--- !u!114 &4086661570629891867
MonoBehaviour:
  m_ObjectHideFlags: 0
  m_CorrespondingSourceObject: {fileID: 0}
  m_PrefabInstance: {fileID: 0}
  m_PrefabAsset: {fileID: 0}
  m_GameObject: {fileID: 4086661570629891870}
  m_Enabled: 1
  m_EditorHideFlags: 0
  m_Script: {fileID: 11500000, guid: fc7d212bdee63c441ab8da21f41c3f7a, type: 3}
  m_Name: 
  m_EditorClassIdentifier: 
  assistantController: {fileID: 0}
  numberOfNumbers: 10
  buttonNumber: {fileID: 4765180080862583678, guid: d17988d7995c6c548b1a5c4195c3928b, type: 3}
  deathBar: {fileID: 7351502468159736537}
  timeValue: {fileID: 0}
  actualDedBeingSaved: {fileID: 0}
  topLeft: {fileID: 9217977344837102235}
  bottomRight: {fileID: 8890841600483919782}
  horizontalCursorBar: {fileID: 5252154585991678220}
  verticalCursorBar: {fileID: 3313518335286375488}
  startTimeBeforeDead: 0
--- !u!114 &4086661570629891864
MonoBehaviour:
  m_ObjectHideFlags: 0
  m_CorrespondingSourceObject: {fileID: 0}
  m_PrefabInstance: {fileID: 0}
  m_PrefabAsset: {fileID: 0}
  m_GameObject: {fileID: 4086661570629891870}
  m_Enabled: 1
  m_EditorHideFlags: 0
  m_Script: {fileID: 11500000, guid: 0cd44c1031e13a943bb63640046fad76, type: 3}
  m_Name: 
  m_EditorClassIdentifier: 
  m_UiScaleMode: 1
  m_ReferencePixelsPerUnit: 100
  m_ScaleFactor: 1
  m_ReferenceResolution: {x: 1920, y: 1080}
  m_ScreenMatchMode: 0
  m_MatchWidthOrHeight: 0
  m_PhysicalUnit: 3
  m_FallbackScreenDPI: 96
  m_DefaultSpriteDPI: 96
  m_DynamicPixelsPerUnit: 1
  m_PresetInfoIsWorld: 0
--- !u!114 &4086661570629891871
MonoBehaviour:
  m_ObjectHideFlags: 0
  m_CorrespondingSourceObject: {fileID: 0}
  m_PrefabInstance: {fileID: 0}
  m_PrefabAsset: {fileID: 0}
  m_GameObject: {fileID: 4086661570629891870}
  m_Enabled: 1
  m_EditorHideFlags: 0
  m_Script: {fileID: 11500000, guid: dc42784cf147c0c48a680349fa168899, type: 3}
  m_Name: 
  m_EditorClassIdentifier: 
  m_IgnoreReversedGraphics: 1
  m_BlockingObjects: 0
  m_BlockingMask:
    serializedVersion: 2
    m_Bits: 4294967295
--- !u!95 &970630209074525012
Animator:
  serializedVersion: 3
  m_ObjectHideFlags: 0
  m_CorrespondingSourceObject: {fileID: 0}
  m_PrefabInstance: {fileID: 0}
  m_PrefabAsset: {fileID: 0}
  m_GameObject: {fileID: 4086661570629891870}
  m_Enabled: 1
  m_Avatar: {fileID: 0}
  m_Controller: {fileID: 9100000, guid: 0b67b6f95b1889a4ca843563d01c301d, type: 2}
  m_CullingMode: 0
  m_UpdateMode: 0
  m_ApplyRootMotion: 0
  m_LinearVelocityBlending: 0
  m_WarningMessage: 
  m_HasTransformHierarchy: 1
  m_AllowConstantClipSamplingOptimization: 1
  m_KeepAnimatorControllerStateOnDisable: 0
--- !u!1 &7781064843934303260
GameObject:
  m_ObjectHideFlags: 0
  m_CorrespondingSourceObject: {fileID: 0}
  m_PrefabInstance: {fileID: 0}
  m_PrefabAsset: {fileID: 0}
  serializedVersion: 6
  m_Component:
  - component: {fileID: 5764448252116682899}
  - component: {fileID: 7921722344769300933}
  - component: {fileID: 6164702803942144891}
  m_Layer: 5
  m_Name: PlayerSavedText
  m_TagString: Untagged
  m_Icon: {fileID: 0}
  m_NavMeshLayer: 0
  m_StaticEditorFlags: 0
  m_IsActive: 1
--- !u!224 &5764448252116682899
RectTransform:
  m_ObjectHideFlags: 0
  m_CorrespondingSourceObject: {fileID: 0}
  m_PrefabInstance: {fileID: 0}
  m_PrefabAsset: {fileID: 0}
  m_GameObject: {fileID: 7781064843934303260}
  m_LocalRotation: {x: 0, y: 0, z: 0, w: 1}
  m_LocalPosition: {x: 0, y: 0, z: 0}
  m_LocalScale: {x: 1, y: 1, z: 1}
  m_Children: []
  m_Father: {fileID: 8676910177742989757}
  m_RootOrder: 0
  m_LocalEulerAnglesHint: {x: 0, y: 0, z: 0}
  m_AnchorMin: {x: 0, y: 0}
  m_AnchorMax: {x: 1, y: 1}
  m_AnchoredPosition: {x: 0, y: 0}
  m_SizeDelta: {x: 0, y: 0}
  m_Pivot: {x: 0.5, y: 0.5}
--- !u!222 &7921722344769300933
CanvasRenderer:
  m_ObjectHideFlags: 0
  m_CorrespondingSourceObject: {fileID: 0}
  m_PrefabInstance: {fileID: 0}
  m_PrefabAsset: {fileID: 0}
  m_GameObject: {fileID: 7781064843934303260}
  m_CullTransparentMesh: 1
--- !u!114 &6164702803942144891
MonoBehaviour:
  m_ObjectHideFlags: 0
  m_CorrespondingSourceObject: {fileID: 0}
  m_PrefabInstance: {fileID: 0}
  m_PrefabAsset: {fileID: 0}
  m_GameObject: {fileID: 7781064843934303260}
  m_Enabled: 1
  m_EditorHideFlags: 0
  m_Script: {fileID: 11500000, guid: 5f7201a12d95ffc409449d95f23cf332, type: 3}
  m_Name: 
  m_EditorClassIdentifier: 
  m_Material: {fileID: 0}
  m_Color: {r: 0.9372549, g: 0.78431374, b: 0.3764706, a: 1}
  m_RaycastTarget: 1
  m_RaycastPadding: {x: 0, y: 0, z: 0, w: 0}
  m_Maskable: 1
  m_OnCullStateChanged:
    m_PersistentCalls:
      m_Calls: []
  m_FontData:
    m_Font: {fileID: 12800000, guid: d6c214a1716d31845a37728a55d5ea08, type: 3}
    m_FontSize: 100
    m_FontStyle: 0
    m_BestFit: 0
    m_MinSize: 1
    m_MaxSize: 100
    m_Alignment: 4
    m_AlignByGeometry: 0
    m_RichText: 1
    m_HorizontalOverflow: 0
    m_VerticalOverflow: 0
    m_LineSpacing: 1
  m_Text: Player saved !
--- !u!1 &8869725948541380171
GameObject:
  m_ObjectHideFlags: 0
  m_CorrespondingSourceObject: {fileID: 0}
  m_PrefabInstance: {fileID: 0}
  m_PrefabAsset: {fileID: 0}
  serializedVersion: 6
  m_Component:
  - component: {fileID: 8676910177742989757}
  - component: {fileID: 6611842145734161323}
  - component: {fileID: 3145813454994235938}
  m_Layer: 5
  m_Name: Player Saved banner
  m_TagString: Untagged
  m_Icon: {fileID: 0}
  m_NavMeshLayer: 0
  m_StaticEditorFlags: 0
  m_IsActive: 1
--- !u!224 &8676910177742989757
RectTransform:
  m_ObjectHideFlags: 0
  m_CorrespondingSourceObject: {fileID: 0}
  m_PrefabInstance: {fileID: 0}
  m_PrefabAsset: {fileID: 0}
  m_GameObject: {fileID: 8869725948541380171}
  m_LocalRotation: {x: -0, y: -0, z: -0, w: 1}
  m_LocalPosition: {x: 0, y: 0, z: 0}
  m_LocalScale: {x: 1, y: 1, z: 1}
  m_Children:
  - {fileID: 5764448252116682899}
  m_Father: {fileID: 2126531500672589568}
  m_RootOrder: 0
  m_LocalEulerAnglesHint: {x: 0, y: 0, z: 0}
  m_AnchorMin: {x: 0, y: 0.5}
  m_AnchorMax: {x: 1, y: 0.5}
  m_AnchoredPosition: {x: 0, y: 0}
  m_SizeDelta: {x: 1820, y: 150}
  m_Pivot: {x: 0.5, y: 0.5}
--- !u!222 &6611842145734161323
CanvasRenderer:
  m_ObjectHideFlags: 0
  m_CorrespondingSourceObject: {fileID: 0}
  m_PrefabInstance: {fileID: 0}
  m_PrefabAsset: {fileID: 0}
  m_GameObject: {fileID: 8869725948541380171}
  m_CullTransparentMesh: 1
--- !u!114 &3145813454994235938
MonoBehaviour:
  m_ObjectHideFlags: 0
  m_CorrespondingSourceObject: {fileID: 0}
  m_PrefabInstance: {fileID: 0}
  m_PrefabAsset: {fileID: 0}
  m_GameObject: {fileID: 8869725948541380171}
  m_Enabled: 1
  m_EditorHideFlags: 0
  m_Script: {fileID: 11500000, guid: fe87c0e1cc204ed48ad3b37840f39efc, type: 3}
  m_Name: 
  m_EditorClassIdentifier: 
  m_Material: {fileID: 0}
  m_Color: {r: 1, g: 1, b: 1, a: 1}
  m_RaycastTarget: 1
  m_RaycastPadding: {x: 0, y: 0, z: 0, w: 0}
  m_Maskable: 1
  m_OnCullStateChanged:
    m_PersistentCalls:
      m_Calls: []
  m_Sprite: {fileID: 21300000, guid: e318cb1c68fc7a74d94a53515e3ac972, type: 3}
  m_Type: 0
  m_PreserveAspect: 0
  m_FillCenter: 1
  m_FillMethod: 4
  m_FillAmount: 1
  m_FillClockwise: 1
  m_FillOrigin: 0
  m_UseSpriteMesh: 0
  m_PixelsPerUnitMultiplier: 1
--- !u!1001 &1660398376779005334
PrefabInstance:
  m_ObjectHideFlags: 0
  serializedVersion: 2
  m_Modification:
    m_TransformParent: {fileID: 4086661570629891866}
    m_Modifications:
    - target: {fileID: 6045780617195730075, guid: 9d76fd79c8c56df49913844d60ed4205, type: 3}
      propertyPath: m_Name
      value: Horizontal cursor bar
      objectReference: {fileID: 0}
    - target: {fileID: 6911210418236372122, guid: 9d76fd79c8c56df49913844d60ed4205, type: 3}
      propertyPath: m_Pivot.x
      value: 0.5
      objectReference: {fileID: 0}
    - target: {fileID: 6911210418236372122, guid: 9d76fd79c8c56df49913844d60ed4205, type: 3}
      propertyPath: m_Pivot.y
      value: 0.5
      objectReference: {fileID: 0}
    - target: {fileID: 6911210418236372122, guid: 9d76fd79c8c56df49913844d60ed4205, type: 3}
      propertyPath: m_RootOrder
      value: 3
      objectReference: {fileID: 0}
    - target: {fileID: 6911210418236372122, guid: 9d76fd79c8c56df49913844d60ed4205, type: 3}
      propertyPath: m_AnchorMax.x
      value: 1
      objectReference: {fileID: 0}
    - target: {fileID: 6911210418236372122, guid: 9d76fd79c8c56df49913844d60ed4205, type: 3}
      propertyPath: m_AnchorMax.y
      value: 0.5
      objectReference: {fileID: 0}
    - target: {fileID: 6911210418236372122, guid: 9d76fd79c8c56df49913844d60ed4205, type: 3}
      propertyPath: m_AnchorMin.x
      value: 0
      objectReference: {fileID: 0}
    - target: {fileID: 6911210418236372122, guid: 9d76fd79c8c56df49913844d60ed4205, type: 3}
      propertyPath: m_AnchorMin.y
      value: 0.5
      objectReference: {fileID: 0}
    - target: {fileID: 6911210418236372122, guid: 9d76fd79c8c56df49913844d60ed4205, type: 3}
      propertyPath: m_SizeDelta.x
      value: 0
      objectReference: {fileID: 0}
    - target: {fileID: 6911210418236372122, guid: 9d76fd79c8c56df49913844d60ed4205, type: 3}
      propertyPath: m_SizeDelta.y
      value: 2
      objectReference: {fileID: 0}
    - target: {fileID: 6911210418236372122, guid: 9d76fd79c8c56df49913844d60ed4205, type: 3}
      propertyPath: m_LocalPosition.x
      value: 0
      objectReference: {fileID: 0}
    - target: {fileID: 6911210418236372122, guid: 9d76fd79c8c56df49913844d60ed4205, type: 3}
      propertyPath: m_LocalPosition.y
      value: 0
      objectReference: {fileID: 0}
    - target: {fileID: 6911210418236372122, guid: 9d76fd79c8c56df49913844d60ed4205, type: 3}
      propertyPath: m_LocalPosition.z
      value: 0
      objectReference: {fileID: 0}
    - target: {fileID: 6911210418236372122, guid: 9d76fd79c8c56df49913844d60ed4205, type: 3}
      propertyPath: m_LocalRotation.w
      value: 1
      objectReference: {fileID: 0}
    - target: {fileID: 6911210418236372122, guid: 9d76fd79c8c56df49913844d60ed4205, type: 3}
      propertyPath: m_LocalRotation.x
      value: 0
      objectReference: {fileID: 0}
    - target: {fileID: 6911210418236372122, guid: 9d76fd79c8c56df49913844d60ed4205, type: 3}
      propertyPath: m_LocalRotation.y
      value: 0
      objectReference: {fileID: 0}
    - target: {fileID: 6911210418236372122, guid: 9d76fd79c8c56df49913844d60ed4205, type: 3}
      propertyPath: m_LocalRotation.z
      value: 0
      objectReference: {fileID: 0}
    - target: {fileID: 6911210418236372122, guid: 9d76fd79c8c56df49913844d60ed4205, type: 3}
      propertyPath: m_AnchoredPosition.x
      value: 0
      objectReference: {fileID: 0}
    - target: {fileID: 6911210418236372122, guid: 9d76fd79c8c56df49913844d60ed4205, type: 3}
      propertyPath: m_AnchoredPosition.y
      value: 0
      objectReference: {fileID: 0}
    - target: {fileID: 6911210418236372122, guid: 9d76fd79c8c56df49913844d60ed4205, type: 3}
      propertyPath: m_LocalEulerAnglesHint.x
      value: 0
      objectReference: {fileID: 0}
    - target: {fileID: 6911210418236372122, guid: 9d76fd79c8c56df49913844d60ed4205, type: 3}
      propertyPath: m_LocalEulerAnglesHint.y
      value: 0
      objectReference: {fileID: 0}
    - target: {fileID: 6911210418236372122, guid: 9d76fd79c8c56df49913844d60ed4205, type: 3}
      propertyPath: m_LocalEulerAnglesHint.z
      value: 0
      objectReference: {fileID: 0}
    m_RemovedComponents: []
  m_SourcePrefab: {fileID: 100100000, guid: 9d76fd79c8c56df49913844d60ed4205, type: 3}
--- !u!224 &5252154585991678220 stripped
RectTransform:
  m_CorrespondingSourceObject: {fileID: 6911210418236372122, guid: 9d76fd79c8c56df49913844d60ed4205, type: 3}
  m_PrefabInstance: {fileID: 1660398376779005334}
  m_PrefabAsset: {fileID: 0}
--- !u!1001 &2430181743780773932
PrefabInstance:
  m_ObjectHideFlags: 0
  serializedVersion: 2
  m_Modification:
    m_TransformParent: {fileID: 4086661570629891866}
    m_Modifications:
    - target: {fileID: 1805662388232558130, guid: 0665b5fc74cc4af40917333bc0299fa8, type: 3}
      propertyPath: m_Name
      value: Background
      objectReference: {fileID: 0}
    - target: {fileID: 1805662388232558131, guid: 0665b5fc74cc4af40917333bc0299fa8, type: 3}
      propertyPath: m_Pivot.x
      value: 0.5
      objectReference: {fileID: 0}
    - target: {fileID: 1805662388232558131, guid: 0665b5fc74cc4af40917333bc0299fa8, type: 3}
      propertyPath: m_Pivot.y
      value: 0.5
      objectReference: {fileID: 0}
    - target: {fileID: 1805662388232558131, guid: 0665b5fc74cc4af40917333bc0299fa8, type: 3}
      propertyPath: m_RootOrder
      value: 0
      objectReference: {fileID: 0}
    - target: {fileID: 1805662388232558131, guid: 0665b5fc74cc4af40917333bc0299fa8, type: 3}
      propertyPath: m_AnchorMax.x
      value: 1
      objectReference: {fileID: 0}
    - target: {fileID: 1805662388232558131, guid: 0665b5fc74cc4af40917333bc0299fa8, type: 3}
      propertyPath: m_AnchorMax.y
      value: 1
      objectReference: {fileID: 0}
    - target: {fileID: 1805662388232558131, guid: 0665b5fc74cc4af40917333bc0299fa8, type: 3}
      propertyPath: m_AnchorMin.x
      value: 0
      objectReference: {fileID: 0}
    - target: {fileID: 1805662388232558131, guid: 0665b5fc74cc4af40917333bc0299fa8, type: 3}
      propertyPath: m_AnchorMin.y
      value: 0
      objectReference: {fileID: 0}
    - target: {fileID: 1805662388232558131, guid: 0665b5fc74cc4af40917333bc0299fa8, type: 3}
      propertyPath: m_SizeDelta.x
      value: 0
      objectReference: {fileID: 0}
    - target: {fileID: 1805662388232558131, guid: 0665b5fc74cc4af40917333bc0299fa8, type: 3}
      propertyPath: m_SizeDelta.y
      value: 0
      objectReference: {fileID: 0}
    - target: {fileID: 1805662388232558131, guid: 0665b5fc74cc4af40917333bc0299fa8, type: 3}
      propertyPath: m_LocalPosition.x
      value: 0
      objectReference: {fileID: 0}
    - target: {fileID: 1805662388232558131, guid: 0665b5fc74cc4af40917333bc0299fa8, type: 3}
      propertyPath: m_LocalPosition.y
      value: 0
      objectReference: {fileID: 0}
    - target: {fileID: 1805662388232558131, guid: 0665b5fc74cc4af40917333bc0299fa8, type: 3}
      propertyPath: m_LocalPosition.z
      value: 0
      objectReference: {fileID: 0}
    - target: {fileID: 1805662388232558131, guid: 0665b5fc74cc4af40917333bc0299fa8, type: 3}
      propertyPath: m_LocalRotation.w
      value: 1
      objectReference: {fileID: 0}
    - target: {fileID: 1805662388232558131, guid: 0665b5fc74cc4af40917333bc0299fa8, type: 3}
      propertyPath: m_LocalRotation.x
      value: 0
      objectReference: {fileID: 0}
    - target: {fileID: 1805662388232558131, guid: 0665b5fc74cc4af40917333bc0299fa8, type: 3}
      propertyPath: m_LocalRotation.y
      value: 0
      objectReference: {fileID: 0}
    - target: {fileID: 1805662388232558131, guid: 0665b5fc74cc4af40917333bc0299fa8, type: 3}
      propertyPath: m_LocalRotation.z
      value: 0
      objectReference: {fileID: 0}
    - target: {fileID: 1805662388232558131, guid: 0665b5fc74cc4af40917333bc0299fa8, type: 3}
      propertyPath: m_AnchoredPosition.x
      value: 0
      objectReference: {fileID: 0}
    - target: {fileID: 1805662388232558131, guid: 0665b5fc74cc4af40917333bc0299fa8, type: 3}
      propertyPath: m_AnchoredPosition.y
      value: 0
      objectReference: {fileID: 0}
    - target: {fileID: 1805662388232558131, guid: 0665b5fc74cc4af40917333bc0299fa8, type: 3}
      propertyPath: m_LocalEulerAnglesHint.x
      value: 0
      objectReference: {fileID: 0}
    - target: {fileID: 1805662388232558131, guid: 0665b5fc74cc4af40917333bc0299fa8, type: 3}
      propertyPath: m_LocalEulerAnglesHint.y
      value: 0
      objectReference: {fileID: 0}
    - target: {fileID: 1805662388232558131, guid: 0665b5fc74cc4af40917333bc0299fa8, type: 3}
      propertyPath: m_LocalEulerAnglesHint.z
      value: 0
      objectReference: {fileID: 0}
    m_RemovedComponents: []
  m_SourcePrefab: {fileID: 100100000, guid: 0665b5fc74cc4af40917333bc0299fa8, type: 3}
--- !u!224 &4086661569165121055 stripped
RectTransform:
  m_CorrespondingSourceObject: {fileID: 1805662388232558131, guid: 0665b5fc74cc4af40917333bc0299fa8, type: 3}
  m_PrefabInstance: {fileID: 2430181743780773932}
  m_PrefabAsset: {fileID: 0}
--- !u!1001 &6250697499010634741
PrefabInstance:
  m_ObjectHideFlags: 0
  serializedVersion: 2
  m_Modification:
    m_TransformParent: {fileID: 4086661570629891866}
    m_Modifications:
    - target: {fileID: 827541470704787693, guid: 941580a483c9a35469d5c406a20348a8, type: 3}
      propertyPath: m_Name
      value: LogoGroup
      objectReference: {fileID: 0}
    - target: {fileID: 8462119462071199893, guid: 941580a483c9a35469d5c406a20348a8, type: 3}
      propertyPath: m_Pivot.x
      value: 0
      objectReference: {fileID: 0}
    - target: {fileID: 8462119462071199893, guid: 941580a483c9a35469d5c406a20348a8, type: 3}
      propertyPath: m_Pivot.y
      value: 1
      objectReference: {fileID: 0}
    - target: {fileID: 8462119462071199893, guid: 941580a483c9a35469d5c406a20348a8, type: 3}
      propertyPath: m_RootOrder
      value: 4
      objectReference: {fileID: 0}
    - target: {fileID: 8462119462071199893, guid: 941580a483c9a35469d5c406a20348a8, type: 3}
      propertyPath: m_AnchorMax.x
      value: 0
      objectReference: {fileID: 0}
    - target: {fileID: 8462119462071199893, guid: 941580a483c9a35469d5c406a20348a8, type: 3}
      propertyPath: m_AnchorMax.y
      value: 1
      objectReference: {fileID: 0}
    - target: {fileID: 8462119462071199893, guid: 941580a483c9a35469d5c406a20348a8, type: 3}
      propertyPath: m_AnchorMin.x
      value: 0
      objectReference: {fileID: 0}
    - target: {fileID: 8462119462071199893, guid: 941580a483c9a35469d5c406a20348a8, type: 3}
      propertyPath: m_AnchorMin.y
      value: 1
      objectReference: {fileID: 0}
    - target: {fileID: 8462119462071199893, guid: 941580a483c9a35469d5c406a20348a8, type: 3}
      propertyPath: m_SizeDelta.x
      value: 348.1732
      objectReference: {fileID: 0}
    - target: {fileID: 8462119462071199893, guid: 941580a483c9a35469d5c406a20348a8, type: 3}
      propertyPath: m_SizeDelta.y
      value: 120.05
      objectReference: {fileID: 0}
    - target: {fileID: 8462119462071199893, guid: 941580a483c9a35469d5c406a20348a8, type: 3}
      propertyPath: m_LocalPosition.x
      value: 0
      objectReference: {fileID: 0}
    - target: {fileID: 8462119462071199893, guid: 941580a483c9a35469d5c406a20348a8, type: 3}
      propertyPath: m_LocalPosition.y
      value: 0
      objectReference: {fileID: 0}
    - target: {fileID: 8462119462071199893, guid: 941580a483c9a35469d5c406a20348a8, type: 3}
      propertyPath: m_LocalPosition.z
      value: 0
      objectReference: {fileID: 0}
    - target: {fileID: 8462119462071199893, guid: 941580a483c9a35469d5c406a20348a8, type: 3}
      propertyPath: m_LocalRotation.w
      value: 1
      objectReference: {fileID: 0}
    - target: {fileID: 8462119462071199893, guid: 941580a483c9a35469d5c406a20348a8, type: 3}
      propertyPath: m_LocalRotation.x
      value: 0
      objectReference: {fileID: 0}
    - target: {fileID: 8462119462071199893, guid: 941580a483c9a35469d5c406a20348a8, type: 3}
      propertyPath: m_LocalRotation.y
      value: 0
      objectReference: {fileID: 0}
    - target: {fileID: 8462119462071199893, guid: 941580a483c9a35469d5c406a20348a8, type: 3}
      propertyPath: m_LocalRotation.z
      value: 0
      objectReference: {fileID: 0}
    - target: {fileID: 8462119462071199893, guid: 941580a483c9a35469d5c406a20348a8, type: 3}
      propertyPath: m_AnchoredPosition.x
      value: 0
      objectReference: {fileID: 0}
    - target: {fileID: 8462119462071199893, guid: 941580a483c9a35469d5c406a20348a8, type: 3}
      propertyPath: m_AnchoredPosition.y
      value: 0
      objectReference: {fileID: 0}
    - target: {fileID: 8462119462071199893, guid: 941580a483c9a35469d5c406a20348a8, type: 3}
      propertyPath: m_LocalEulerAnglesHint.x
      value: 0
      objectReference: {fileID: 0}
    - target: {fileID: 8462119462071199893, guid: 941580a483c9a35469d5c406a20348a8, type: 3}
      propertyPath: m_LocalEulerAnglesHint.y
      value: 0
      objectReference: {fileID: 0}
    - target: {fileID: 8462119462071199893, guid: 941580a483c9a35469d5c406a20348a8, type: 3}
      propertyPath: m_LocalEulerAnglesHint.z
      value: 0
      objectReference: {fileID: 0}
    m_RemovedComponents: []
  m_SourcePrefab: {fileID: 100100000, guid: 941580a483c9a35469d5c406a20348a8, type: 3}
--- !u!224 &2580998615814110048 stripped
RectTransform:
  m_CorrespondingSourceObject: {fileID: 8462119462071199893, guid: 941580a483c9a35469d5c406a20348a8, type: 3}
  m_PrefabInstance: {fileID: 6250697499010634741}
  m_PrefabAsset: {fileID: 0}
--- !u!1001 &7213660730021718105
PrefabInstance:
  m_ObjectHideFlags: 0
  serializedVersion: 2
  m_Modification:
    m_TransformParent: {fileID: 4086661570629891866}
    m_Modifications:
    - target: {fileID: 2033023070689806343, guid: 421f4dcdd3624f240a0222603d0f0018, type: 3}
      propertyPath: m_Name
      value: Cadre
      objectReference: {fileID: 0}
    - target: {fileID: 5843271559199227849, guid: 421f4dcdd3624f240a0222603d0f0018, type: 3}
      propertyPath: m_Pivot.x
      value: 0.5
      objectReference: {fileID: 0}
    - target: {fileID: 5843271559199227849, guid: 421f4dcdd3624f240a0222603d0f0018, type: 3}
      propertyPath: m_Pivot.y
      value: 0.5
      objectReference: {fileID: 0}
    - target: {fileID: 5843271559199227849, guid: 421f4dcdd3624f240a0222603d0f0018, type: 3}
      propertyPath: m_RootOrder
      value: 1
      objectReference: {fileID: 0}
    - target: {fileID: 5843271559199227849, guid: 421f4dcdd3624f240a0222603d0f0018, type: 3}
      propertyPath: m_AnchorMax.x
      value: 0.5
      objectReference: {fileID: 0}
    - target: {fileID: 5843271559199227849, guid: 421f4dcdd3624f240a0222603d0f0018, type: 3}
      propertyPath: m_AnchorMax.y
      value: 0.5
      objectReference: {fileID: 0}
    - target: {fileID: 5843271559199227849, guid: 421f4dcdd3624f240a0222603d0f0018, type: 3}
      propertyPath: m_AnchorMin.x
      value: 0.5
      objectReference: {fileID: 0}
    - target: {fileID: 5843271559199227849, guid: 421f4dcdd3624f240a0222603d0f0018, type: 3}
      propertyPath: m_AnchorMin.y
      value: 0.5
      objectReference: {fileID: 0}
    - target: {fileID: 5843271559199227849, guid: 421f4dcdd3624f240a0222603d0f0018, type: 3}
      propertyPath: m_SizeDelta.x
      value: 1620
      objectReference: {fileID: 0}
    - target: {fileID: 5843271559199227849, guid: 421f4dcdd3624f240a0222603d0f0018, type: 3}
      propertyPath: m_SizeDelta.y
      value: 840
      objectReference: {fileID: 0}
    - target: {fileID: 5843271559199227849, guid: 421f4dcdd3624f240a0222603d0f0018, type: 3}
      propertyPath: m_LocalPosition.x
      value: 0
      objectReference: {fileID: 0}
    - target: {fileID: 5843271559199227849, guid: 421f4dcdd3624f240a0222603d0f0018, type: 3}
      propertyPath: m_LocalPosition.y
      value: 0
      objectReference: {fileID: 0}
    - target: {fileID: 5843271559199227849, guid: 421f4dcdd3624f240a0222603d0f0018, type: 3}
      propertyPath: m_LocalPosition.z
      value: 0
      objectReference: {fileID: 0}
    - target: {fileID: 5843271559199227849, guid: 421f4dcdd3624f240a0222603d0f0018, type: 3}
      propertyPath: m_LocalRotation.w
      value: 1
      objectReference: {fileID: 0}
    - target: {fileID: 5843271559199227849, guid: 421f4dcdd3624f240a0222603d0f0018, type: 3}
      propertyPath: m_LocalRotation.x
      value: 0
      objectReference: {fileID: 0}
    - target: {fileID: 5843271559199227849, guid: 421f4dcdd3624f240a0222603d0f0018, type: 3}
      propertyPath: m_LocalRotation.y
      value: 0
      objectReference: {fileID: 0}
    - target: {fileID: 5843271559199227849, guid: 421f4dcdd3624f240a0222603d0f0018, type: 3}
      propertyPath: m_LocalRotation.z
      value: 0
      objectReference: {fileID: 0}
    - target: {fileID: 5843271559199227849, guid: 421f4dcdd3624f240a0222603d0f0018, type: 3}
      propertyPath: m_AnchoredPosition.x
      value: 0
      objectReference: {fileID: 0}
    - target: {fileID: 5843271559199227849, guid: 421f4dcdd3624f240a0222603d0f0018, type: 3}
      propertyPath: m_AnchoredPosition.y
      value: 0
      objectReference: {fileID: 0}
    - target: {fileID: 5843271559199227849, guid: 421f4dcdd3624f240a0222603d0f0018, type: 3}
      propertyPath: m_LocalEulerAnglesHint.x
      value: 0
      objectReference: {fileID: 0}
    - target: {fileID: 5843271559199227849, guid: 421f4dcdd3624f240a0222603d0f0018, type: 3}
      propertyPath: m_LocalEulerAnglesHint.y
      value: 0
      objectReference: {fileID: 0}
    - target: {fileID: 5843271559199227849, guid: 421f4dcdd3624f240a0222603d0f0018, type: 3}
      propertyPath: m_LocalEulerAnglesHint.z
      value: 0
      objectReference: {fileID: 0}
    m_RemovedComponents: []
  m_SourcePrefab: {fileID: 100100000, guid: 421f4dcdd3624f240a0222603d0f0018, type: 3}
--- !u!224 &3822266016979179408 stripped
RectTransform:
  m_CorrespondingSourceObject: {fileID: 5843271559199227849, guid: 421f4dcdd3624f240a0222603d0f0018, type: 3}
  m_PrefabInstance: {fileID: 7213660730021718105}
  m_PrefabAsset: {fileID: 0}
--- !u!224 &9217977344837102235 stripped
RectTransform:
  m_CorrespondingSourceObject: {fileID: 2013328629705736898, guid: 421f4dcdd3624f240a0222603d0f0018, type: 3}
  m_PrefabInstance: {fileID: 7213660730021718105}
  m_PrefabAsset: {fileID: 0}
--- !u!224 &8890841600483919782 stripped
RectTransform:
  m_CorrespondingSourceObject: {fileID: 2269408916133457919, guid: 421f4dcdd3624f240a0222603d0f0018, type: 3}
  m_PrefabInstance: {fileID: 7213660730021718105}
  m_PrefabAsset: {fileID: 0}
--- !u!114 &7351502468159736537 stripped
MonoBehaviour:
  m_CorrespondingSourceObject: {fileID: 151392570515169920, guid: 421f4dcdd3624f240a0222603d0f0018, type: 3}
  m_PrefabInstance: {fileID: 7213660730021718105}
  m_PrefabAsset: {fileID: 0}
  m_GameObject: {fileID: 0}
  m_Enabled: 1
  m_EditorHideFlags: 0
  m_Script: {fileID: 11500000, guid: fe87c0e1cc204ed48ad3b37840f39efc, type: 3}
  m_Name: 
  m_EditorClassIdentifier: 
--- !u!1001 &9082266030125225570
PrefabInstance:
  m_ObjectHideFlags: 0
  serializedVersion: 2
  m_Modification:
    m_TransformParent: {fileID: 4086661570629891866}
    m_Modifications:
    - target: {fileID: 6048698836556898850, guid: 00a4f0359bbfcd548a7c3f0eec65127d, type: 3}
      propertyPath: m_Pivot.x
      value: 0.5
      objectReference: {fileID: 0}
    - target: {fileID: 6048698836556898850, guid: 00a4f0359bbfcd548a7c3f0eec65127d, type: 3}
      propertyPath: m_Pivot.y
      value: 0.5
      objectReference: {fileID: 0}
    - target: {fileID: 6048698836556898850, guid: 00a4f0359bbfcd548a7c3f0eec65127d, type: 3}
      propertyPath: m_RootOrder
      value: 2
      objectReference: {fileID: 0}
    - target: {fileID: 6048698836556898850, guid: 00a4f0359bbfcd548a7c3f0eec65127d, type: 3}
      propertyPath: m_AnchorMax.x
      value: 0.5
      objectReference: {fileID: 0}
    - target: {fileID: 6048698836556898850, guid: 00a4f0359bbfcd548a7c3f0eec65127d, type: 3}
      propertyPath: m_AnchorMax.y
      value: 1
      objectReference: {fileID: 0}
    - target: {fileID: 6048698836556898850, guid: 00a4f0359bbfcd548a7c3f0eec65127d, type: 3}
      propertyPath: m_AnchorMin.x
      value: 0.5
      objectReference: {fileID: 0}
    - target: {fileID: 6048698836556898850, guid: 00a4f0359bbfcd548a7c3f0eec65127d, type: 3}
      propertyPath: m_AnchorMin.y
      value: 0
      objectReference: {fileID: 0}
    - target: {fileID: 6048698836556898850, guid: 00a4f0359bbfcd548a7c3f0eec65127d, type: 3}
      propertyPath: m_SizeDelta.x
      value: 2
      objectReference: {fileID: 0}
    - target: {fileID: 6048698836556898850, guid: 00a4f0359bbfcd548a7c3f0eec65127d, type: 3}
      propertyPath: m_SizeDelta.y
      value: 0
      objectReference: {fileID: 0}
    - target: {fileID: 6048698836556898850, guid: 00a4f0359bbfcd548a7c3f0eec65127d, type: 3}
      propertyPath: m_LocalPosition.x
      value: 0
      objectReference: {fileID: 0}
    - target: {fileID: 6048698836556898850, guid: 00a4f0359bbfcd548a7c3f0eec65127d, type: 3}
      propertyPath: m_LocalPosition.y
      value: 0
      objectReference: {fileID: 0}
    - target: {fileID: 6048698836556898850, guid: 00a4f0359bbfcd548a7c3f0eec65127d, type: 3}
      propertyPath: m_LocalPosition.z
      value: 0
      objectReference: {fileID: 0}
    - target: {fileID: 6048698836556898850, guid: 00a4f0359bbfcd548a7c3f0eec65127d, type: 3}
      propertyPath: m_LocalRotation.w
      value: 1
      objectReference: {fileID: 0}
    - target: {fileID: 6048698836556898850, guid: 00a4f0359bbfcd548a7c3f0eec65127d, type: 3}
      propertyPath: m_LocalRotation.x
      value: 0
      objectReference: {fileID: 0}
    - target: {fileID: 6048698836556898850, guid: 00a4f0359bbfcd548a7c3f0eec65127d, type: 3}
      propertyPath: m_LocalRotation.y
      value: 0
      objectReference: {fileID: 0}
    - target: {fileID: 6048698836556898850, guid: 00a4f0359bbfcd548a7c3f0eec65127d, type: 3}
      propertyPath: m_LocalRotation.z
      value: 0
      objectReference: {fileID: 0}
    - target: {fileID: 6048698836556898850, guid: 00a4f0359bbfcd548a7c3f0eec65127d, type: 3}
      propertyPath: m_AnchoredPosition.x
      value: -590.07
      objectReference: {fileID: 0}
    - target: {fileID: 6048698836556898850, guid: 00a4f0359bbfcd548a7c3f0eec65127d, type: 3}
      propertyPath: m_AnchoredPosition.y
      value: 0
      objectReference: {fileID: 0}
    - target: {fileID: 6048698836556898850, guid: 00a4f0359bbfcd548a7c3f0eec65127d, type: 3}
      propertyPath: m_LocalEulerAnglesHint.x
      value: 0
      objectReference: {fileID: 0}
    - target: {fileID: 6048698836556898850, guid: 00a4f0359bbfcd548a7c3f0eec65127d, type: 3}
      propertyPath: m_LocalEulerAnglesHint.y
      value: 0
      objectReference: {fileID: 0}
    - target: {fileID: 6048698836556898850, guid: 00a4f0359bbfcd548a7c3f0eec65127d, type: 3}
      propertyPath: m_LocalEulerAnglesHint.z
      value: 0
      objectReference: {fileID: 0}
    - target: {fileID: 6850608509078894411, guid: 00a4f0359bbfcd548a7c3f0eec65127d, type: 3}
      propertyPath: m_Name
      value: Vertical cursor bar
      objectReference: {fileID: 0}
    m_RemovedComponents: []
  m_SourcePrefab: {fileID: 100100000, guid: 00a4f0359bbfcd548a7c3f0eec65127d, type: 3}
--- !u!224 &3313518335286375488 stripped
RectTransform:
  m_CorrespondingSourceObject: {fileID: 6048698836556898850, guid: 00a4f0359bbfcd548a7c3f0eec65127d, type: 3}
  m_PrefabInstance: {fileID: 9082266030125225570}
  m_PrefabAsset: {fileID: 0}
