%YAML 1.1
%TAG !u! tag:unity3d.com,2011:
--- !u!1 &2982381164508733961
GameObject:
  m_ObjectHideFlags: 0
  m_CorrespondingSourceObject: {fileID: 0}
  m_PrefabInstance: {fileID: 0}
  m_PrefabAsset: {fileID: 0}
  serializedVersion: 6
  m_Component:
  - component: {fileID: 5064300697722445012}
  - component: {fileID: 3353520368210541939}
  - component: {fileID: 5792332987975533069}
  - component: {fileID: 95961566820774814}
  m_Layer: 0
  m_Name: NetworkedGenericTerminal
  m_TagString: Untagged
  m_Icon: {fileID: 0}
  m_NavMeshLayer: 0
  m_StaticEditorFlags: 0
  m_IsActive: 1
--- !u!4 &5064300697722445012
Transform:
  m_ObjectHideFlags: 0
  m_CorrespondingSourceObject: {fileID: 0}
  m_PrefabInstance: {fileID: 0}
  m_PrefabAsset: {fileID: 0}
  m_GameObject: {fileID: 2982381164508733961}
  m_LocalRotation: {x: 0, y: 1, z: 0, w: 0}
  m_LocalPosition: {x: 0, y: 0, z: 0}
  m_LocalScale: {x: 1, y: 1, z: 1}
  m_Children:
  - {fileID: 3210590936893730869}
  m_Father: {fileID: 0}
  m_RootOrder: 0
  m_LocalEulerAnglesHint: {x: 0, y: 180, z: 0}
--- !u!114 &3353520368210541939
MonoBehaviour:
  m_ObjectHideFlags: 0
  m_CorrespondingSourceObject: {fileID: 0}
  m_PrefabInstance: {fileID: 0}
  m_PrefabAsset: {fileID: 0}
  m_GameObject: {fileID: 2982381164508733961}
  m_Enabled: 1
  m_EditorHideFlags: 0
  m_Script: {fileID: 11500000, guid: 9b91ecbcc199f4492b9a91e820070131, type: 3}
  m_Name: 
  m_EditorClassIdentifier: 
  sceneId: 0
  serverOnly: 0
  m_AssetId: 
  hasSpawned: 0
--- !u!114 &5792332987975533069
MonoBehaviour:
  m_ObjectHideFlags: 0
  m_CorrespondingSourceObject: {fileID: 0}
  m_PrefabInstance: {fileID: 0}
  m_PrefabAsset: {fileID: 0}
  m_GameObject: {fileID: 2982381164508733961}
  m_Enabled: 1
  m_EditorHideFlags: 0
  m_Script: {fileID: 11500000, guid: d16ce1966fb9c574db5d161aa1cff6db, type: 3}
  m_Name: 
  m_EditorClassIdentifier: 
  syncMode: 0
  syncInterval: 0.1
  cryptedNetwork: 0
  interactingStateNetwork: 0
--- !u!65 &95961566820774814
BoxCollider:
  m_ObjectHideFlags: 0
  m_CorrespondingSourceObject: {fileID: 0}
  m_PrefabInstance: {fileID: 0}
  m_PrefabAsset: {fileID: 0}
  m_GameObject: {fileID: 2982381164508733961}
  m_Material: {fileID: 0}
  m_IsTrigger: 1
  m_Enabled: 1
  serializedVersion: 2
  m_Size: {x: 3, y: 2.363189, z: 3}
  m_Center: {x: 0, y: 1.179948, z: 0}
--- !u!1001 &4684885814949976443
PrefabInstance:
  m_ObjectHideFlags: 0
  serializedVersion: 2
  m_Modification:
    m_TransformParent: {fileID: 5064300697722445012}
    m_Modifications:
    - target: {fileID: 97255606111185640, guid: 640b4a2b9d592ab4fb1bf2bc6e80bb5d, type: 3}
      propertyPath: m_AnchorMax.y
      value: 0
      objectReference: {fileID: 0}
    - target: {fileID: 97255606111185640, guid: 640b4a2b9d592ab4fb1bf2bc6e80bb5d, type: 3}
      propertyPath: m_AnchorMin.y
      value: 0
      objectReference: {fileID: 0}
    - target: {fileID: 97255606111185640, guid: 640b4a2b9d592ab4fb1bf2bc6e80bb5d, type: 3}
      propertyPath: m_AnchoredPosition.x
      value: 0
      objectReference: {fileID: 0}
    - target: {fileID: 97255606111185640, guid: 640b4a2b9d592ab4fb1bf2bc6e80bb5d, type: 3}
      propertyPath: m_AnchoredPosition.y
      value: 0
      objectReference: {fileID: 0}
    - target: {fileID: 400549572387497527, guid: 640b4a2b9d592ab4fb1bf2bc6e80bb5d, type: 3}
      propertyPath: m_AnchorMax.y
      value: 0
      objectReference: {fileID: 0}
    - target: {fileID: 400549572387497527, guid: 640b4a2b9d592ab4fb1bf2bc6e80bb5d, type: 3}
      propertyPath: m_AnchorMin.y
      value: 0
      objectReference: {fileID: 0}
    - target: {fileID: 400549572387497527, guid: 640b4a2b9d592ab4fb1bf2bc6e80bb5d, type: 3}
      propertyPath: m_AnchoredPosition.x
      value: 0
      objectReference: {fileID: 0}
    - target: {fileID: 400549572387497527, guid: 640b4a2b9d592ab4fb1bf2bc6e80bb5d, type: 3}
      propertyPath: m_AnchoredPosition.y
      value: 0
      objectReference: {fileID: 0}
    - target: {fileID: 408947339604937363, guid: 640b4a2b9d592ab4fb1bf2bc6e80bb5d, type: 3}
      propertyPath: m_AnchorMax.y
      value: 0
      objectReference: {fileID: 0}
    - target: {fileID: 408947339604937363, guid: 640b4a2b9d592ab4fb1bf2bc6e80bb5d, type: 3}
      propertyPath: m_AnchorMin.y
      value: 0
      objectReference: {fileID: 0}
    - target: {fileID: 408947339604937363, guid: 640b4a2b9d592ab4fb1bf2bc6e80bb5d, type: 3}
      propertyPath: m_AnchoredPosition.y
      value: 0
      objectReference: {fileID: 0}
    - target: {fileID: 527643703740379987, guid: 640b4a2b9d592ab4fb1bf2bc6e80bb5d, type: 3}
      propertyPath: m_AnchorMax.y
      value: 0
      objectReference: {fileID: 0}
    - target: {fileID: 527643703740379987, guid: 640b4a2b9d592ab4fb1bf2bc6e80bb5d, type: 3}
      propertyPath: m_AnchorMin.y
      value: 0
      objectReference: {fileID: 0}
    - target: {fileID: 527643703740379987, guid: 640b4a2b9d592ab4fb1bf2bc6e80bb5d, type: 3}
      propertyPath: m_AnchoredPosition.x
      value: 0
      objectReference: {fileID: 0}
    - target: {fileID: 527643703740379987, guid: 640b4a2b9d592ab4fb1bf2bc6e80bb5d, type: 3}
      propertyPath: m_AnchoredPosition.y
      value: 0
      objectReference: {fileID: 0}
    - target: {fileID: 599188841828335657, guid: 640b4a2b9d592ab4fb1bf2bc6e80bb5d, type: 3}
      propertyPath: m_AnchorMax.y
      value: 0
      objectReference: {fileID: 0}
    - target: {fileID: 599188841828335657, guid: 640b4a2b9d592ab4fb1bf2bc6e80bb5d, type: 3}
      propertyPath: m_AnchorMin.y
      value: 0
      objectReference: {fileID: 0}
    - target: {fileID: 599188841828335657, guid: 640b4a2b9d592ab4fb1bf2bc6e80bb5d, type: 3}
      propertyPath: m_AnchoredPosition.x
      value: 0
      objectReference: {fileID: 0}
    - target: {fileID: 599188841828335657, guid: 640b4a2b9d592ab4fb1bf2bc6e80bb5d, type: 3}
      propertyPath: m_AnchoredPosition.y
      value: 0
      objectReference: {fileID: 0}
    - target: {fileID: 1040191193539906959, guid: 640b4a2b9d592ab4fb1bf2bc6e80bb5d, type: 3}
      propertyPath: m_AnchorMax.y
      value: 0
      objectReference: {fileID: 0}
    - target: {fileID: 1040191193539906959, guid: 640b4a2b9d592ab4fb1bf2bc6e80bb5d, type: 3}
      propertyPath: m_AnchorMin.y
      value: 0
      objectReference: {fileID: 0}
    - target: {fileID: 1040191193539906959, guid: 640b4a2b9d592ab4fb1bf2bc6e80bb5d, type: 3}
      propertyPath: m_AnchoredPosition.x
      value: 0
      objectReference: {fileID: 0}
    - target: {fileID: 1040191193539906959, guid: 640b4a2b9d592ab4fb1bf2bc6e80bb5d, type: 3}
      propertyPath: m_AnchoredPosition.y
      value: 0
      objectReference: {fileID: 0}
    - target: {fileID: 1187196824820073662, guid: 640b4a2b9d592ab4fb1bf2bc6e80bb5d, type: 3}
      propertyPath: m_AnchorMax.y
      value: 0
      objectReference: {fileID: 0}
    - target: {fileID: 1187196824820073662, guid: 640b4a2b9d592ab4fb1bf2bc6e80bb5d, type: 3}
      propertyPath: m_AnchorMin.y
      value: 0
      objectReference: {fileID: 0}
    - target: {fileID: 1187196824820073662, guid: 640b4a2b9d592ab4fb1bf2bc6e80bb5d, type: 3}
      propertyPath: m_AnchoredPosition.x
      value: 0
      objectReference: {fileID: 0}
    - target: {fileID: 1187196824820073662, guid: 640b4a2b9d592ab4fb1bf2bc6e80bb5d, type: 3}
      propertyPath: m_AnchoredPosition.y
      value: 0
      objectReference: {fileID: 0}
    - target: {fileID: 1254602190350345971, guid: 640b4a2b9d592ab4fb1bf2bc6e80bb5d, type: 3}
      propertyPath: m_AnchorMax.y
      value: 0
      objectReference: {fileID: 0}
    - target: {fileID: 1254602190350345971, guid: 640b4a2b9d592ab4fb1bf2bc6e80bb5d, type: 3}
      propertyPath: m_AnchorMin.y
      value: 0
      objectReference: {fileID: 0}
    - target: {fileID: 1254602190350345971, guid: 640b4a2b9d592ab4fb1bf2bc6e80bb5d, type: 3}
      propertyPath: m_AnchoredPosition.x
      value: 0
      objectReference: {fileID: 0}
    - target: {fileID: 1254602190350345971, guid: 640b4a2b9d592ab4fb1bf2bc6e80bb5d, type: 3}
      propertyPath: m_AnchoredPosition.y
      value: 0
      objectReference: {fileID: 0}
    - target: {fileID: 1270232995450479229, guid: 640b4a2b9d592ab4fb1bf2bc6e80bb5d, type: 3}
      propertyPath: m_AnchorMax.y
      value: 0
      objectReference: {fileID: 0}
    - target: {fileID: 1270232995450479229, guid: 640b4a2b9d592ab4fb1bf2bc6e80bb5d, type: 3}
      propertyPath: m_AnchorMin.y
      value: 0
      objectReference: {fileID: 0}
    - target: {fileID: 1270232995450479229, guid: 640b4a2b9d592ab4fb1bf2bc6e80bb5d, type: 3}
      propertyPath: m_AnchoredPosition.x
      value: 0
      objectReference: {fileID: 0}
    - target: {fileID: 1270232995450479229, guid: 640b4a2b9d592ab4fb1bf2bc6e80bb5d, type: 3}
      propertyPath: m_AnchoredPosition.y
      value: 0
      objectReference: {fileID: 0}
    - target: {fileID: 1447248110450329446, guid: 640b4a2b9d592ab4fb1bf2bc6e80bb5d, type: 3}
      propertyPath: m_AnchorMax.y
      value: 0
      objectReference: {fileID: 0}
    - target: {fileID: 1447248110450329446, guid: 640b4a2b9d592ab4fb1bf2bc6e80bb5d, type: 3}
      propertyPath: m_AnchorMin.y
      value: 0
      objectReference: {fileID: 0}
    - target: {fileID: 1447248110450329446, guid: 640b4a2b9d592ab4fb1bf2bc6e80bb5d, type: 3}
      propertyPath: m_AnchoredPosition.x
      value: 0
      objectReference: {fileID: 0}
    - target: {fileID: 1447248110450329446, guid: 640b4a2b9d592ab4fb1bf2bc6e80bb5d, type: 3}
      propertyPath: m_AnchoredPosition.y
      value: 0
      objectReference: {fileID: 0}
    - target: {fileID: 1468094421481530663, guid: 640b4a2b9d592ab4fb1bf2bc6e80bb5d, type: 3}
      propertyPath: m_AnchorMax.y
      value: 0
      objectReference: {fileID: 0}
    - target: {fileID: 1468094421481530663, guid: 640b4a2b9d592ab4fb1bf2bc6e80bb5d, type: 3}
      propertyPath: m_AnchorMin.y
      value: 0
      objectReference: {fileID: 0}
    - target: {fileID: 1468094421481530663, guid: 640b4a2b9d592ab4fb1bf2bc6e80bb5d, type: 3}
      propertyPath: m_AnchoredPosition.x
      value: 0
      objectReference: {fileID: 0}
    - target: {fileID: 1468094421481530663, guid: 640b4a2b9d592ab4fb1bf2bc6e80bb5d, type: 3}
      propertyPath: m_AnchoredPosition.y
      value: 0
      objectReference: {fileID: 0}
    - target: {fileID: 1628286635707482094, guid: 640b4a2b9d592ab4fb1bf2bc6e80bb5d, type: 3}
      propertyPath: m_AnchorMax.y
      value: 0
      objectReference: {fileID: 0}
    - target: {fileID: 1628286635707482094, guid: 640b4a2b9d592ab4fb1bf2bc6e80bb5d, type: 3}
      propertyPath: m_AnchorMin.y
      value: 0
      objectReference: {fileID: 0}
    - target: {fileID: 1628286635707482094, guid: 640b4a2b9d592ab4fb1bf2bc6e80bb5d, type: 3}
      propertyPath: m_AnchoredPosition.x
      value: 0
      objectReference: {fileID: 0}
    - target: {fileID: 1628286635707482094, guid: 640b4a2b9d592ab4fb1bf2bc6e80bb5d, type: 3}
      propertyPath: m_AnchoredPosition.y
      value: 0
      objectReference: {fileID: 0}
    - target: {fileID: 1853114513825247648, guid: 640b4a2b9d592ab4fb1bf2bc6e80bb5d, type: 3}
      propertyPath: m_AnchorMax.y
      value: 0
      objectReference: {fileID: 0}
    - target: {fileID: 1853114513825247648, guid: 640b4a2b9d592ab4fb1bf2bc6e80bb5d, type: 3}
      propertyPath: m_AnchorMin.y
      value: 0
      objectReference: {fileID: 0}
    - target: {fileID: 1853114513825247648, guid: 640b4a2b9d592ab4fb1bf2bc6e80bb5d, type: 3}
      propertyPath: m_AnchoredPosition.x
      value: 0
      objectReference: {fileID: 0}
    - target: {fileID: 1853114513825247648, guid: 640b4a2b9d592ab4fb1bf2bc6e80bb5d, type: 3}
      propertyPath: m_AnchoredPosition.y
      value: 0
      objectReference: {fileID: 0}
    - target: {fileID: 1884825179635109967, guid: 640b4a2b9d592ab4fb1bf2bc6e80bb5d, type: 3}
      propertyPath: m_AnchorMax.y
      value: 0
      objectReference: {fileID: 0}
    - target: {fileID: 1884825179635109967, guid: 640b4a2b9d592ab4fb1bf2bc6e80bb5d, type: 3}
      propertyPath: m_AnchorMin.y
      value: 0
      objectReference: {fileID: 0}
    - target: {fileID: 1884825179635109967, guid: 640b4a2b9d592ab4fb1bf2bc6e80bb5d, type: 3}
      propertyPath: m_AnchoredPosition.x
      value: 0
      objectReference: {fileID: 0}
    - target: {fileID: 1884825179635109967, guid: 640b4a2b9d592ab4fb1bf2bc6e80bb5d, type: 3}
      propertyPath: m_AnchoredPosition.y
      value: 0
      objectReference: {fileID: 0}
    - target: {fileID: 2179943564337180204, guid: 640b4a2b9d592ab4fb1bf2bc6e80bb5d, type: 3}
      propertyPath: m_AnchorMax.y
      value: 0
      objectReference: {fileID: 0}
    - target: {fileID: 2179943564337180204, guid: 640b4a2b9d592ab4fb1bf2bc6e80bb5d, type: 3}
      propertyPath: m_AnchorMin.y
      value: 0
      objectReference: {fileID: 0}
    - target: {fileID: 2179943564337180204, guid: 640b4a2b9d592ab4fb1bf2bc6e80bb5d, type: 3}
      propertyPath: m_AnchoredPosition.y
      value: 0
      objectReference: {fileID: 0}
    - target: {fileID: 2662243801788020280, guid: 640b4a2b9d592ab4fb1bf2bc6e80bb5d, type: 3}
      propertyPath: m_AnchorMax.y
      value: 0
      objectReference: {fileID: 0}
    - target: {fileID: 2662243801788020280, guid: 640b4a2b9d592ab4fb1bf2bc6e80bb5d, type: 3}
      propertyPath: m_AnchorMin.y
      value: 0
      objectReference: {fileID: 0}
    - target: {fileID: 2662243801788020280, guid: 640b4a2b9d592ab4fb1bf2bc6e80bb5d, type: 3}
      propertyPath: m_AnchoredPosition.y
      value: 0
      objectReference: {fileID: 0}
    - target: {fileID: 2847702759404017672, guid: 640b4a2b9d592ab4fb1bf2bc6e80bb5d, type: 3}
      propertyPath: m_AnchorMax.y
      value: 0
      objectReference: {fileID: 0}
    - target: {fileID: 2847702759404017672, guid: 640b4a2b9d592ab4fb1bf2bc6e80bb5d, type: 3}
      propertyPath: m_AnchorMin.y
      value: 0
      objectReference: {fileID: 0}
    - target: {fileID: 2847702759404017672, guid: 640b4a2b9d592ab4fb1bf2bc6e80bb5d, type: 3}
      propertyPath: m_AnchoredPosition.y
      value: 0
      objectReference: {fileID: 0}
    - target: {fileID: 3159321110994017778, guid: 640b4a2b9d592ab4fb1bf2bc6e80bb5d, type: 3}
      propertyPath: m_AnchorMax.y
      value: 0
      objectReference: {fileID: 0}
    - target: {fileID: 3159321110994017778, guid: 640b4a2b9d592ab4fb1bf2bc6e80bb5d, type: 3}
      propertyPath: m_AnchorMin.y
      value: 0
      objectReference: {fileID: 0}
    - target: {fileID: 3159321110994017778, guid: 640b4a2b9d592ab4fb1bf2bc6e80bb5d, type: 3}
      propertyPath: m_AnchoredPosition.x
      value: 0
      objectReference: {fileID: 0}
    - target: {fileID: 3159321110994017778, guid: 640b4a2b9d592ab4fb1bf2bc6e80bb5d, type: 3}
      propertyPath: m_AnchoredPosition.y
      value: 0
      objectReference: {fileID: 0}
    - target: {fileID: 3570287148376561921, guid: 640b4a2b9d592ab4fb1bf2bc6e80bb5d, type: 3}
      propertyPath: m_AnchorMax.y
      value: 0
      objectReference: {fileID: 0}
    - target: {fileID: 3570287148376561921, guid: 640b4a2b9d592ab4fb1bf2bc6e80bb5d, type: 3}
      propertyPath: m_AnchorMin.y
      value: 0
      objectReference: {fileID: 0}
    - target: {fileID: 3570287148376561921, guid: 640b4a2b9d592ab4fb1bf2bc6e80bb5d, type: 3}
      propertyPath: m_AnchoredPosition.x
      value: 0
      objectReference: {fileID: 0}
    - target: {fileID: 3570287148376561921, guid: 640b4a2b9d592ab4fb1bf2bc6e80bb5d, type: 3}
      propertyPath: m_AnchoredPosition.y
      value: 0
      objectReference: {fileID: 0}
    - target: {fileID: 3948709709081869697, guid: 640b4a2b9d592ab4fb1bf2bc6e80bb5d, type: 3}
      propertyPath: m_AnchorMax.y
      value: 0
      objectReference: {fileID: 0}
    - target: {fileID: 3948709709081869697, guid: 640b4a2b9d592ab4fb1bf2bc6e80bb5d, type: 3}
      propertyPath: m_AnchorMin.y
      value: 0
      objectReference: {fileID: 0}
    - target: {fileID: 3948709709081869697, guid: 640b4a2b9d592ab4fb1bf2bc6e80bb5d, type: 3}
      propertyPath: m_AnchoredPosition.y
      value: 0
      objectReference: {fileID: 0}
    - target: {fileID: 4035774341639537364, guid: 640b4a2b9d592ab4fb1bf2bc6e80bb5d, type: 3}
      propertyPath: m_AnchorMax.y
      value: 0
      objectReference: {fileID: 0}
    - target: {fileID: 4035774341639537364, guid: 640b4a2b9d592ab4fb1bf2bc6e80bb5d, type: 3}
      propertyPath: m_AnchorMin.y
      value: 0
      objectReference: {fileID: 0}
    - target: {fileID: 4035774341639537364, guid: 640b4a2b9d592ab4fb1bf2bc6e80bb5d, type: 3}
      propertyPath: m_AnchoredPosition.x
      value: 0
      objectReference: {fileID: 0}
    - target: {fileID: 4035774341639537364, guid: 640b4a2b9d592ab4fb1bf2bc6e80bb5d, type: 3}
      propertyPath: m_AnchoredPosition.y
      value: 0
      objectReference: {fileID: 0}
    - target: {fileID: 4064284202015731458, guid: 640b4a2b9d592ab4fb1bf2bc6e80bb5d, type: 3}
      propertyPath: m_AnchorMax.y
      value: 0
      objectReference: {fileID: 0}
    - target: {fileID: 4064284202015731458, guid: 640b4a2b9d592ab4fb1bf2bc6e80bb5d, type: 3}
      propertyPath: m_AnchorMin.y
      value: 0
      objectReference: {fileID: 0}
    - target: {fileID: 4064284202015731458, guid: 640b4a2b9d592ab4fb1bf2bc6e80bb5d, type: 3}
      propertyPath: m_AnchoredPosition.x
      value: 0
      objectReference: {fileID: 0}
    - target: {fileID: 4064284202015731458, guid: 640b4a2b9d592ab4fb1bf2bc6e80bb5d, type: 3}
      propertyPath: m_AnchoredPosition.y
      value: 0
      objectReference: {fileID: 0}
    - target: {fileID: 4245278848805132170, guid: 640b4a2b9d592ab4fb1bf2bc6e80bb5d, type: 3}
      propertyPath: m_AnchorMax.y
      value: 0
      objectReference: {fileID: 0}
    - target: {fileID: 4245278848805132170, guid: 640b4a2b9d592ab4fb1bf2bc6e80bb5d, type: 3}
      propertyPath: m_AnchorMin.y
      value: 0
      objectReference: {fileID: 0}
    - target: {fileID: 4245278848805132170, guid: 640b4a2b9d592ab4fb1bf2bc6e80bb5d, type: 3}
      propertyPath: m_AnchoredPosition.x
      value: 0
      objectReference: {fileID: 0}
    - target: {fileID: 4245278848805132170, guid: 640b4a2b9d592ab4fb1bf2bc6e80bb5d, type: 3}
      propertyPath: m_AnchoredPosition.y
      value: 0
      objectReference: {fileID: 0}
    - target: {fileID: 4295968088349729595, guid: 640b4a2b9d592ab4fb1bf2bc6e80bb5d, type: 3}
      propertyPath: m_AnchorMax.y
      value: 0
      objectReference: {fileID: 0}
    - target: {fileID: 4295968088349729595, guid: 640b4a2b9d592ab4fb1bf2bc6e80bb5d, type: 3}
      propertyPath: m_AnchorMin.y
      value: 0
      objectReference: {fileID: 0}
    - target: {fileID: 4295968088349729595, guid: 640b4a2b9d592ab4fb1bf2bc6e80bb5d, type: 3}
      propertyPath: m_AnchoredPosition.x
      value: 0
      objectReference: {fileID: 0}
    - target: {fileID: 4295968088349729595, guid: 640b4a2b9d592ab4fb1bf2bc6e80bb5d, type: 3}
      propertyPath: m_AnchoredPosition.y
      value: 0
      objectReference: {fileID: 0}
    - target: {fileID: 4317547740932616956, guid: 640b4a2b9d592ab4fb1bf2bc6e80bb5d, type: 3}
      propertyPath: m_AnchorMax.y
      value: 0
      objectReference: {fileID: 0}
    - target: {fileID: 4317547740932616956, guid: 640b4a2b9d592ab4fb1bf2bc6e80bb5d, type: 3}
      propertyPath: m_AnchorMin.y
      value: 0
      objectReference: {fileID: 0}
    - target: {fileID: 4317547740932616956, guid: 640b4a2b9d592ab4fb1bf2bc6e80bb5d, type: 3}
      propertyPath: m_AnchoredPosition.x
      value: 0
      objectReference: {fileID: 0}
    - target: {fileID: 4317547740932616956, guid: 640b4a2b9d592ab4fb1bf2bc6e80bb5d, type: 3}
      propertyPath: m_AnchoredPosition.y
      value: 0
      objectReference: {fileID: 0}
    - target: {fileID: 4326641715445312730, guid: 640b4a2b9d592ab4fb1bf2bc6e80bb5d, type: 3}
      propertyPath: m_AnchorMax.y
      value: 0
      objectReference: {fileID: 0}
    - target: {fileID: 4326641715445312730, guid: 640b4a2b9d592ab4fb1bf2bc6e80bb5d, type: 3}
      propertyPath: m_AnchorMin.y
      value: 0
      objectReference: {fileID: 0}
    - target: {fileID: 4326641715445312730, guid: 640b4a2b9d592ab4fb1bf2bc6e80bb5d, type: 3}
      propertyPath: m_AnchoredPosition.x
      value: 0
      objectReference: {fileID: 0}
    - target: {fileID: 4326641715445312730, guid: 640b4a2b9d592ab4fb1bf2bc6e80bb5d, type: 3}
      propertyPath: m_AnchoredPosition.y
      value: 0
      objectReference: {fileID: 0}
    - target: {fileID: 4903910996004643569, guid: 640b4a2b9d592ab4fb1bf2bc6e80bb5d, type: 3}
      propertyPath: m_AnchorMax.y
      value: 0
      objectReference: {fileID: 0}
    - target: {fileID: 4903910996004643569, guid: 640b4a2b9d592ab4fb1bf2bc6e80bb5d, type: 3}
      propertyPath: m_AnchorMin.y
      value: 0
      objectReference: {fileID: 0}
    - target: {fileID: 4903910996004643569, guid: 640b4a2b9d592ab4fb1bf2bc6e80bb5d, type: 3}
      propertyPath: m_AnchoredPosition.x
      value: 0
      objectReference: {fileID: 0}
    - target: {fileID: 4903910996004643569, guid: 640b4a2b9d592ab4fb1bf2bc6e80bb5d, type: 3}
      propertyPath: m_AnchoredPosition.y
      value: 0
      objectReference: {fileID: 0}
    - target: {fileID: 5015703646212401770, guid: 640b4a2b9d592ab4fb1bf2bc6e80bb5d, type: 3}
      propertyPath: m_AnchorMax.y
      value: 0
      objectReference: {fileID: 0}
    - target: {fileID: 5015703646212401770, guid: 640b4a2b9d592ab4fb1bf2bc6e80bb5d, type: 3}
      propertyPath: m_AnchorMin.y
      value: 0
      objectReference: {fileID: 0}
    - target: {fileID: 5015703646212401770, guid: 640b4a2b9d592ab4fb1bf2bc6e80bb5d, type: 3}
      propertyPath: m_AnchoredPosition.y
      value: 0
      objectReference: {fileID: 0}
    - target: {fileID: 5146958924769750828, guid: 640b4a2b9d592ab4fb1bf2bc6e80bb5d, type: 3}
      propertyPath: m_AnchorMax.y
      value: 0
      objectReference: {fileID: 0}
    - target: {fileID: 5146958924769750828, guid: 640b4a2b9d592ab4fb1bf2bc6e80bb5d, type: 3}
      propertyPath: m_AnchorMin.y
      value: 0
      objectReference: {fileID: 0}
    - target: {fileID: 5146958924769750828, guid: 640b4a2b9d592ab4fb1bf2bc6e80bb5d, type: 3}
      propertyPath: m_AnchoredPosition.x
      value: 0
      objectReference: {fileID: 0}
    - target: {fileID: 5146958924769750828, guid: 640b4a2b9d592ab4fb1bf2bc6e80bb5d, type: 3}
      propertyPath: m_AnchoredPosition.y
      value: 0
      objectReference: {fileID: 0}
    - target: {fileID: 5219537740991405142, guid: 640b4a2b9d592ab4fb1bf2bc6e80bb5d, type: 3}
      propertyPath: m_AnchorMax.y
      value: 0
      objectReference: {fileID: 0}
    - target: {fileID: 5219537740991405142, guid: 640b4a2b9d592ab4fb1bf2bc6e80bb5d, type: 3}
      propertyPath: m_AnchorMin.y
      value: 0
      objectReference: {fileID: 0}
    - target: {fileID: 5219537740991405142, guid: 640b4a2b9d592ab4fb1bf2bc6e80bb5d, type: 3}
      propertyPath: m_AnchoredPosition.x
      value: 0
      objectReference: {fileID: 0}
    - target: {fileID: 5219537740991405142, guid: 640b4a2b9d592ab4fb1bf2bc6e80bb5d, type: 3}
      propertyPath: m_AnchoredPosition.y
      value: 0
      objectReference: {fileID: 0}
    - target: {fileID: 5230835913198508691, guid: 640b4a2b9d592ab4fb1bf2bc6e80bb5d, type: 3}
      propertyPath: m_AnchorMax.y
      value: 0
      objectReference: {fileID: 0}
    - target: {fileID: 5230835913198508691, guid: 640b4a2b9d592ab4fb1bf2bc6e80bb5d, type: 3}
      propertyPath: m_AnchorMin.y
      value: 0
      objectReference: {fileID: 0}
    - target: {fileID: 5230835913198508691, guid: 640b4a2b9d592ab4fb1bf2bc6e80bb5d, type: 3}
      propertyPath: m_AnchoredPosition.x
      value: 0
      objectReference: {fileID: 0}
    - target: {fileID: 5230835913198508691, guid: 640b4a2b9d592ab4fb1bf2bc6e80bb5d, type: 3}
      propertyPath: m_AnchoredPosition.y
      value: 0
      objectReference: {fileID: 0}
    - target: {fileID: 5241340735243871511, guid: 640b4a2b9d592ab4fb1bf2bc6e80bb5d, type: 3}
      propertyPath: m_AnchorMax.y
      value: 0
      objectReference: {fileID: 0}
    - target: {fileID: 5241340735243871511, guid: 640b4a2b9d592ab4fb1bf2bc6e80bb5d, type: 3}
      propertyPath: m_AnchorMin.y
      value: 0
      objectReference: {fileID: 0}
    - target: {fileID: 5241340735243871511, guid: 640b4a2b9d592ab4fb1bf2bc6e80bb5d, type: 3}
      propertyPath: m_AnchoredPosition.x
      value: 0
      objectReference: {fileID: 0}
    - target: {fileID: 5241340735243871511, guid: 640b4a2b9d592ab4fb1bf2bc6e80bb5d, type: 3}
      propertyPath: m_AnchoredPosition.y
      value: 0
      objectReference: {fileID: 0}
    - target: {fileID: 5382396915154700594, guid: 640b4a2b9d592ab4fb1bf2bc6e80bb5d, type: 3}
      propertyPath: m_AnchorMax.y
      value: 0
      objectReference: {fileID: 0}
    - target: {fileID: 5382396915154700594, guid: 640b4a2b9d592ab4fb1bf2bc6e80bb5d, type: 3}
      propertyPath: m_AnchorMin.y
      value: 0
      objectReference: {fileID: 0}
    - target: {fileID: 5382396915154700594, guid: 640b4a2b9d592ab4fb1bf2bc6e80bb5d, type: 3}
      propertyPath: m_AnchoredPosition.x
      value: 0
      objectReference: {fileID: 0}
    - target: {fileID: 5382396915154700594, guid: 640b4a2b9d592ab4fb1bf2bc6e80bb5d, type: 3}
      propertyPath: m_AnchoredPosition.y
      value: 0
      objectReference: {fileID: 0}
    - target: {fileID: 5881428527624414388, guid: 640b4a2b9d592ab4fb1bf2bc6e80bb5d, type: 3}
      propertyPath: m_IsActive
      value: 0
      objectReference: {fileID: 0}
    - target: {fileID: 5963809882285923936, guid: 640b4a2b9d592ab4fb1bf2bc6e80bb5d, type: 3}
      propertyPath: m_AnchorMax.y
      value: 0
      objectReference: {fileID: 0}
    - target: {fileID: 5963809882285923936, guid: 640b4a2b9d592ab4fb1bf2bc6e80bb5d, type: 3}
      propertyPath: m_AnchorMin.y
      value: 0
      objectReference: {fileID: 0}
    - target: {fileID: 5963809882285923936, guid: 640b4a2b9d592ab4fb1bf2bc6e80bb5d, type: 3}
      propertyPath: m_AnchoredPosition.x
      value: 0
      objectReference: {fileID: 0}
    - target: {fileID: 5963809882285923936, guid: 640b4a2b9d592ab4fb1bf2bc6e80bb5d, type: 3}
      propertyPath: m_AnchoredPosition.y
      value: 0
      objectReference: {fileID: 0}
    - target: {fileID: 6315675924409197011, guid: 640b4a2b9d592ab4fb1bf2bc6e80bb5d, type: 3}
      propertyPath: m_AnchorMax.y
      value: 0
      objectReference: {fileID: 0}
    - target: {fileID: 6315675924409197011, guid: 640b4a2b9d592ab4fb1bf2bc6e80bb5d, type: 3}
      propertyPath: m_AnchorMin.y
      value: 0
      objectReference: {fileID: 0}
    - target: {fileID: 6315675924409197011, guid: 640b4a2b9d592ab4fb1bf2bc6e80bb5d, type: 3}
      propertyPath: m_AnchoredPosition.y
      value: 0
      objectReference: {fileID: 0}
    - target: {fileID: 6459783497513898219, guid: 640b4a2b9d592ab4fb1bf2bc6e80bb5d, type: 3}
      propertyPath: m_AnchorMax.y
      value: 0
      objectReference: {fileID: 0}
    - target: {fileID: 6459783497513898219, guid: 640b4a2b9d592ab4fb1bf2bc6e80bb5d, type: 3}
      propertyPath: m_AnchorMin.y
      value: 0
      objectReference: {fileID: 0}
    - target: {fileID: 6459783497513898219, guid: 640b4a2b9d592ab4fb1bf2bc6e80bb5d, type: 3}
      propertyPath: m_AnchoredPosition.x
      value: 0
      objectReference: {fileID: 0}
    - target: {fileID: 6459783497513898219, guid: 640b4a2b9d592ab4fb1bf2bc6e80bb5d, type: 3}
      propertyPath: m_AnchoredPosition.y
      value: 0
      objectReference: {fileID: 0}
    - target: {fileID: 6797104773484071414, guid: 640b4a2b9d592ab4fb1bf2bc6e80bb5d, type: 3}
      propertyPath: m_AnchorMax.y
      value: 0
      objectReference: {fileID: 0}
    - target: {fileID: 6797104773484071414, guid: 640b4a2b9d592ab4fb1bf2bc6e80bb5d, type: 3}
      propertyPath: m_AnchorMin.y
      value: 0
      objectReference: {fileID: 0}
    - target: {fileID: 6797104773484071414, guid: 640b4a2b9d592ab4fb1bf2bc6e80bb5d, type: 3}
      propertyPath: m_AnchoredPosition.x
      value: 0
      objectReference: {fileID: 0}
    - target: {fileID: 6797104773484071414, guid: 640b4a2b9d592ab4fb1bf2bc6e80bb5d, type: 3}
      propertyPath: m_AnchoredPosition.y
      value: 0
      objectReference: {fileID: 0}
    - target: {fileID: 6817837274939346296, guid: 640b4a2b9d592ab4fb1bf2bc6e80bb5d, type: 3}
      propertyPath: m_AnchorMax.y
      value: 0
      objectReference: {fileID: 0}
    - target: {fileID: 6817837274939346296, guid: 640b4a2b9d592ab4fb1bf2bc6e80bb5d, type: 3}
      propertyPath: m_AnchorMin.y
      value: 0
      objectReference: {fileID: 0}
    - target: {fileID: 6817837274939346296, guid: 640b4a2b9d592ab4fb1bf2bc6e80bb5d, type: 3}
      propertyPath: m_AnchoredPosition.x
      value: 0
      objectReference: {fileID: 0}
    - target: {fileID: 6817837274939346296, guid: 640b4a2b9d592ab4fb1bf2bc6e80bb5d, type: 3}
      propertyPath: m_AnchoredPosition.y
      value: 0
      objectReference: {fileID: 0}
    - target: {fileID: 6864842578915519419, guid: 640b4a2b9d592ab4fb1bf2bc6e80bb5d, type: 3}
      propertyPath: m_AnchorMax.y
      value: 0
      objectReference: {fileID: 0}
    - target: {fileID: 6864842578915519419, guid: 640b4a2b9d592ab4fb1bf2bc6e80bb5d, type: 3}
      propertyPath: m_AnchorMin.y
      value: 0
      objectReference: {fileID: 0}
    - target: {fileID: 6864842578915519419, guid: 640b4a2b9d592ab4fb1bf2bc6e80bb5d, type: 3}
      propertyPath: m_AnchoredPosition.x
      value: 0
      objectReference: {fileID: 0}
    - target: {fileID: 6864842578915519419, guid: 640b4a2b9d592ab4fb1bf2bc6e80bb5d, type: 3}
      propertyPath: m_AnchoredPosition.y
      value: 0
      objectReference: {fileID: 0}
    - target: {fileID: 7213941301020455986, guid: 640b4a2b9d592ab4fb1bf2bc6e80bb5d, type: 3}
      propertyPath: m_AnchorMax.y
      value: 0
      objectReference: {fileID: 0}
    - target: {fileID: 7213941301020455986, guid: 640b4a2b9d592ab4fb1bf2bc6e80bb5d, type: 3}
      propertyPath: m_AnchorMin.y
      value: 0
      objectReference: {fileID: 0}
    - target: {fileID: 7213941301020455986, guid: 640b4a2b9d592ab4fb1bf2bc6e80bb5d, type: 3}
      propertyPath: m_AnchoredPosition.x
      value: 0
      objectReference: {fileID: 0}
    - target: {fileID: 7213941301020455986, guid: 640b4a2b9d592ab4fb1bf2bc6e80bb5d, type: 3}
      propertyPath: m_AnchoredPosition.y
      value: 0
      objectReference: {fileID: 0}
    - target: {fileID: 7270284257339372279, guid: 640b4a2b9d592ab4fb1bf2bc6e80bb5d, type: 3}
      propertyPath: m_AnchorMax.y
      value: 0
      objectReference: {fileID: 0}
    - target: {fileID: 7270284257339372279, guid: 640b4a2b9d592ab4fb1bf2bc6e80bb5d, type: 3}
      propertyPath: m_AnchorMin.y
      value: 0
      objectReference: {fileID: 0}
    - target: {fileID: 7270284257339372279, guid: 640b4a2b9d592ab4fb1bf2bc6e80bb5d, type: 3}
      propertyPath: m_AnchoredPosition.x
      value: 0
      objectReference: {fileID: 0}
    - target: {fileID: 7270284257339372279, guid: 640b4a2b9d592ab4fb1bf2bc6e80bb5d, type: 3}
      propertyPath: m_AnchoredPosition.y
      value: 0
      objectReference: {fileID: 0}
    - target: {fileID: 7404069475133825366, guid: 640b4a2b9d592ab4fb1bf2bc6e80bb5d, type: 3}
      propertyPath: m_AnchorMax.y
      value: 0
      objectReference: {fileID: 0}
    - target: {fileID: 7404069475133825366, guid: 640b4a2b9d592ab4fb1bf2bc6e80bb5d, type: 3}
      propertyPath: m_AnchorMin.y
      value: 0
      objectReference: {fileID: 0}
    - target: {fileID: 7404069475133825366, guid: 640b4a2b9d592ab4fb1bf2bc6e80bb5d, type: 3}
      propertyPath: m_AnchoredPosition.x
      value: 0
      objectReference: {fileID: 0}
    - target: {fileID: 7404069475133825366, guid: 640b4a2b9d592ab4fb1bf2bc6e80bb5d, type: 3}
      propertyPath: m_AnchoredPosition.y
      value: 0
      objectReference: {fileID: 0}
    - target: {fileID: 7718957903363901256, guid: 640b4a2b9d592ab4fb1bf2bc6e80bb5d, type: 3}
      propertyPath: m_AnchorMax.y
      value: 0
      objectReference: {fileID: 0}
    - target: {fileID: 7718957903363901256, guid: 640b4a2b9d592ab4fb1bf2bc6e80bb5d, type: 3}
      propertyPath: m_AnchorMin.y
      value: 0
      objectReference: {fileID: 0}
    - target: {fileID: 7718957903363901256, guid: 640b4a2b9d592ab4fb1bf2bc6e80bb5d, type: 3}
      propertyPath: m_AnchoredPosition.x
      value: 0
      objectReference: {fileID: 0}
    - target: {fileID: 7718957903363901256, guid: 640b4a2b9d592ab4fb1bf2bc6e80bb5d, type: 3}
      propertyPath: m_AnchoredPosition.y
      value: 0
      objectReference: {fileID: 0}
    - target: {fileID: 7893193460524493130, guid: 640b4a2b9d592ab4fb1bf2bc6e80bb5d, type: 3}
      propertyPath: m_Name
      value: GenericTerminal
      objectReference: {fileID: 0}
    - target: {fileID: 7893193460524493131, guid: 640b4a2b9d592ab4fb1bf2bc6e80bb5d, type: 3}
      propertyPath: m_Enabled
      value: 1
      objectReference: {fileID: 0}
    - target: {fileID: 7893193460524493133, guid: 640b4a2b9d592ab4fb1bf2bc6e80bb5d, type: 3}
      propertyPath: crypted
      value: 1
      objectReference: {fileID: 0}
    - target: {fileID: 7893193460524493134, guid: 640b4a2b9d592ab4fb1bf2bc6e80bb5d, type: 3}
      propertyPath: m_RootOrder
      value: 0
      objectReference: {fileID: 0}
    - target: {fileID: 7893193460524493134, guid: 640b4a2b9d592ab4fb1bf2bc6e80bb5d, type: 3}
      propertyPath: m_LocalPosition.x
      value: 0
      objectReference: {fileID: 0}
    - target: {fileID: 7893193460524493134, guid: 640b4a2b9d592ab4fb1bf2bc6e80bb5d, type: 3}
      propertyPath: m_LocalPosition.y
      value: 0.029
      objectReference: {fileID: 0}
    - target: {fileID: 7893193460524493134, guid: 640b4a2b9d592ab4fb1bf2bc6e80bb5d, type: 3}
      propertyPath: m_LocalPosition.z
      value: 0
      objectReference: {fileID: 0}
    - target: {fileID: 7893193460524493134, guid: 640b4a2b9d592ab4fb1bf2bc6e80bb5d, type: 3}
      propertyPath: m_LocalRotation.w
      value: 1
      objectReference: {fileID: 0}
    - target: {fileID: 7893193460524493134, guid: 640b4a2b9d592ab4fb1bf2bc6e80bb5d, type: 3}
      propertyPath: m_LocalRotation.x
      value: 0
      objectReference: {fileID: 0}
    - target: {fileID: 7893193460524493134, guid: 640b4a2b9d592ab4fb1bf2bc6e80bb5d, type: 3}
      propertyPath: m_LocalRotation.y
      value: 0
      objectReference: {fileID: 0}
    - target: {fileID: 7893193460524493134, guid: 640b4a2b9d592ab4fb1bf2bc6e80bb5d, type: 3}
      propertyPath: m_LocalRotation.z
      value: 0
      objectReference: {fileID: 0}
    - target: {fileID: 7893193460524493134, guid: 640b4a2b9d592ab4fb1bf2bc6e80bb5d, type: 3}
      propertyPath: m_LocalEulerAnglesHint.x
      value: 0
      objectReference: {fileID: 0}
    - target: {fileID: 7893193460524493134, guid: 640b4a2b9d592ab4fb1bf2bc6e80bb5d, type: 3}
      propertyPath: m_LocalEulerAnglesHint.y
      value: 0
      objectReference: {fileID: 0}
    - target: {fileID: 7893193460524493134, guid: 640b4a2b9d592ab4fb1bf2bc6e80bb5d, type: 3}
      propertyPath: m_LocalEulerAnglesHint.z
      value: 0
      objectReference: {fileID: 0}
    - target: {fileID: 7893193460524493135, guid: 640b4a2b9d592ab4fb1bf2bc6e80bb5d, type: 3}
      propertyPath: m_Enabled
      value: 1
      objectReference: {fileID: 0}
    - target: {fileID: 8225470989358539154, guid: 640b4a2b9d592ab4fb1bf2bc6e80bb5d, type: 3}
      propertyPath: m_AnchorMax.y
      value: 0
      objectReference: {fileID: 0}
    - target: {fileID: 8225470989358539154, guid: 640b4a2b9d592ab4fb1bf2bc6e80bb5d, type: 3}
      propertyPath: m_AnchorMin.y
      value: 0
      objectReference: {fileID: 0}
    - target: {fileID: 8225470989358539154, guid: 640b4a2b9d592ab4fb1bf2bc6e80bb5d, type: 3}
      propertyPath: m_AnchoredPosition.x
      value: 0
      objectReference: {fileID: 0}
    - target: {fileID: 8225470989358539154, guid: 640b4a2b9d592ab4fb1bf2bc6e80bb5d, type: 3}
      propertyPath: m_AnchoredPosition.y
      value: 0
      objectReference: {fileID: 0}
    - target: {fileID: 8281915680827319580, guid: 640b4a2b9d592ab4fb1bf2bc6e80bb5d, type: 3}
      propertyPath: m_AnchorMax.y
      value: 0
      objectReference: {fileID: 0}
    - target: {fileID: 8281915680827319580, guid: 640b4a2b9d592ab4fb1bf2bc6e80bb5d, type: 3}
      propertyPath: m_AnchorMin.y
      value: 0
      objectReference: {fileID: 0}
    - target: {fileID: 8281915680827319580, guid: 640b4a2b9d592ab4fb1bf2bc6e80bb5d, type: 3}
      propertyPath: m_AnchoredPosition.x
      value: 0
      objectReference: {fileID: 0}
    - target: {fileID: 8281915680827319580, guid: 640b4a2b9d592ab4fb1bf2bc6e80bb5d, type: 3}
      propertyPath: m_AnchoredPosition.y
      value: 0
      objectReference: {fileID: 0}
    - target: {fileID: 8600230686672158727, guid: 640b4a2b9d592ab4fb1bf2bc6e80bb5d, type: 3}
      propertyPath: m_AnchorMax.y
      value: 0
      objectReference: {fileID: 0}
    - target: {fileID: 8600230686672158727, guid: 640b4a2b9d592ab4fb1bf2bc6e80bb5d, type: 3}
      propertyPath: m_AnchorMin.y
      value: 0
      objectReference: {fileID: 0}
    - target: {fileID: 8600230686672158727, guid: 640b4a2b9d592ab4fb1bf2bc6e80bb5d, type: 3}
      propertyPath: m_AnchoredPosition.x
      value: 0
      objectReference: {fileID: 0}
    - target: {fileID: 8600230686672158727, guid: 640b4a2b9d592ab4fb1bf2bc6e80bb5d, type: 3}
      propertyPath: m_AnchoredPosition.y
      value: 0
      objectReference: {fileID: 0}
    - target: {fileID: 9129115243723863556, guid: 640b4a2b9d592ab4fb1bf2bc6e80bb5d, type: 3}
      propertyPath: m_AnchorMax.y
      value: 0
      objectReference: {fileID: 0}
    - target: {fileID: 9129115243723863556, guid: 640b4a2b9d592ab4fb1bf2bc6e80bb5d, type: 3}
      propertyPath: m_AnchorMin.y
      value: 0
      objectReference: {fileID: 0}
    - target: {fileID: 9129115243723863556, guid: 640b4a2b9d592ab4fb1bf2bc6e80bb5d, type: 3}
      propertyPath: m_AnchoredPosition.x
      value: 0
      objectReference: {fileID: 0}
    - target: {fileID: 9129115243723863556, guid: 640b4a2b9d592ab4fb1bf2bc6e80bb5d, type: 3}
      propertyPath: m_AnchoredPosition.y
      value: 0
      objectReference: {fileID: 0}
    - target: {fileID: 9163097198293365374, guid: 640b4a2b9d592ab4fb1bf2bc6e80bb5d, type: 3}
      propertyPath: m_AnchorMax.y
      value: 0
      objectReference: {fileID: 0}
    - target: {fileID: 9163097198293365374, guid: 640b4a2b9d592ab4fb1bf2bc6e80bb5d, type: 3}
      propertyPath: m_AnchorMin.y
      value: 0
      objectReference: {fileID: 0}
    - target: {fileID: 9163097198293365374, guid: 640b4a2b9d592ab4fb1bf2bc6e80bb5d, type: 3}
      propertyPath: m_AnchoredPosition.y
      value: 0
      objectReference: {fileID: 0}
    m_RemovedComponents: []
  m_SourcePrefab: {fileID: 100100000, guid: 640b4a2b9d592ab4fb1bf2bc6e80bb5d, type: 3}
--- !u!4 &3210590936893730869 stripped
Transform:
  m_CorrespondingSourceObject: {fileID: 7893193460524493134, guid: 640b4a2b9d592ab4fb1bf2bc6e80bb5d, type: 3}
  m_PrefabInstance: {fileID: 4684885814949976443}
  m_PrefabAsset: {fileID: 0}
